2942 4722
641 257 820 326 ..17-

190 385 449 475 losophaudum,
465 384 526 452 tali
545 383 734 473 prelatione
757 404 849 469 usus,
877 384 994 470 elegit!
1020 387 1124 466 Quam
1143 388 1274 474 egregie

192 503 391 586 preparatus
406 493 447 560 ad
469 491 670 580 accipienda,
687 501 732 560 ut.
746 491 815 579 ipse
836 493 894 577 ait,
915 511 1018 577 sacra,
1035 495 1200 562 auditores
1213 495 1274 562 hu'·

191 601 265 672 betl
279 603 386 681 Quam
398 600 541 688 sepium
555 609 652 666 autea
670 608 703 665 et
718 597 860 686 dignum
878 601 1113 688 mysteriorum
1126 602 1273 670 initiato-

191 729 263 778 rem
277 707 418 798 prrebuit
431 709 438 772 l
453 705 546 786 Quod
561 706 590 773 si
602 705 719 774 saltem
736 705 819 772 nihil
837 706 873 774 iu
888 726 922 773 se
934 707 1047 774 fnhula
1061 708 1150 795 quod
1166 729 1184 774 n
1200 709 1274 797 phi-

193 815 359 903 losophico
372 824 405 880 et
425 813 562 902 mystico
585 833 683 880 seusu
700 812 848 879 alienum
870 827 966 899 esset,
982 813 1273 904 haberet,aliquid

193 924 257 991 tale
286 921 481 988 meditatum
506 940 574 988 esse
600 919 778 1008 Apuleium
799 921 934 988 forsitan
957 942 1185 1008 agnosceren13
1215 923 1274 991 sed

191 1040 259 1098 tam
268 1030 367 1115 longe
383 1027 478 1094 aliter
490 1047 523 1094 se
537 1025 716 1094 reshabere
732 1025 813 1094 mihi
824 1027 954 1096 videtur
968 1029 1274 1118 utfrustranliquid

190 1137 279 1227 quod
299 1158 320 1202 a
337 1133 562 1224 philosophice
574 1134 814 1220 significatione
832 1135 981 1204 alienum
997 1157 1064 1204 nou
1084 1139 1138 1221 sit,
1156 1138 1191 1203 in
1204 1147 1274 1205 tota

189 1241 304 1311 fabula
319 1263 476 1331 quaeram.
495 1245 530 1308 ln
546 1241 682 1331 Psyche,
694 1261 759 1308 non
775 1241 916 1308 humani
926 1244 1029 1310 animi
1043 1243 1274 1330 figuramssed

189 1351 373 1438 iugenuam
387 1361 419 1417 et
433 1349 612 1416 amabilem
629 1349 798 1438 puellam3
819 1350 854 1416 in
873 1349 1041 1418 sororibus
1055 1353 1140 1437 ejus,
1158 1351 1273 1420 initiis

84 1477 86 1480 ·
188 1458 379 1546 lleahusque
391 1456 560 1534 omnihus,
573 1456 658 1524 nihil
667 1456 760 1524 aliud
770 1456 835 1522 nisi
846 1457 987 1524 comicas
999 1477 1153 1545 personas
1163 1459 1270 1526 video.

188 1567 225 1634 ln
241 1565 303 1634 hue
317 1564 450 1646 labella,
472 1581 574 1651 quam
593 1564 622 1630 si
640 1562 900 1651 philosophicam
920 1564 1061 1651 scriptor
1079 1566 1204 1650 fingere
1220 1585 1274 1634 vo·
1342 1649 1346 1657 ἱ

189 1672 318 1749 luisset,
331 1671 514 1758 simplicem
523 1669 705 1738 admodum
717 1669 875 1754 tinxisset,
888 1669 1067 1736 adventitia
1077 1681 1273 1738 ornamenta
1366 1699 1370 1715 ,

188 1779 289 1864 longe
308 1777 490 1844 maximum
512 1775 623 1843 locum
640 1774 808 1859 obtinent3
825 1777 937 1844 urania
962 1777 1003 1844 cd
1022 1777 1272 1847 delectationem

188 1897 220 1956 et
247 1887 351 1952 risum
378 1885 551 1963 manifesto
572 1885 733 1967 teuduut3
753 1883 795 1950 ad
817 1884 1017 1961 docendum,
1042 1905 1113 1952 meo
1135 1887 1272 1973 quidem
1292 1942 1294 1946 ,

184 1992 322 2081 judicio,
340 1991 436 2058 nihil.
453 1991 516 2058 Nec
530 2011 604 2058 meo
619 2001 749 2057 tanturn
767 1990 842 2078 (soli
854 1992 943 2058 enim
960 1991 1040 2057 mihi
1056 1991 1269 2082 diffiderem),

186 2119 294 2190 quum
305 2110 337 2166 et
352 2096 572 2187 peritissimus
588 2096 720 2185 tputeii
730 2097 924 2168 translator¹
941 2113 973 2164 et
985 2111 1099 2166 auctor
1114 2099 1272 2188 gravissi·

185 2226 276 2292 mus,
293 2206 373 2273 artis
387 2205 509 2272 critica
521 2215 552 2272 et
565 2203 768 2294 professoria
781 2205 970 2294 exemplum
987 2219 1017 2272 et
1033 2207 1166 2291 decus²,
1182 2207 1271 2274 idem

164 2314 323 2396 ,omino
342 2322 509 2382 censeant.
534 2312 609 2400 ipsi,
628 2321 665 2380 ut
679 2311 813 2400 Apuleii
827 2310 937 2382 verbis
957 2323 1045 2392 utar,
1061 2313 1225 2402 opinionis
1238 2326 1271 2382 et

187 2441 268 2490 mem
282 2430 313 2488 et
326 2439 395 2488 sua
409 2417 559 2508 presidia
573 2416 764 2506 gestabunt.

224 2611 233 2645 ¹
253 2613 326 2664 Nous
337 2617 444 2662 restons
453 2609 617 2660 conraincus
629 2608 789 2674 qu'Apulee,
801 2623 833 2662 eu
846 2607 1029 2663 introduisant
1042 2616 1085 2662 cet
1096 2610 1214 2676 opisode,
1227 2613 1271 2663 n'a

188 2699 269 2749 roulu
278 2698 433 2762 qu'exercer
441 2709 469 2746 sa
480 2695 580 2760 plume,
594 2701 621 2748 et
633 2695 692 2746 rien
706 2696 865 2760 davantage.
877 2697 944 2748 Sans
954 2697 1046 2759 doute,
1058 2709 1089 2748 ce
1099 2698 1190 2761 mytho
1199 2697 1271 2750 avait

186 2785 407 2850 urigiuairement
429 2783 496 2833 dans
516 2783 540 2832 tu
557 2783 686 2834 tradition
708 2785 821 2848 paienne
836 2795 876 2839 ,un
898 2797 958 2834 sens
972 2783 1035 2834 bien
1049 2785 1151 2836 certain
1167 2789 1194 2835 et
1207 2783 1271 2836 bien

184 2872 318 2938 cumplet3
335 2863 520 2928 maisil'avait
531 2867 579 2920 ete
593 2867 711 2933 emptitio
725 2882 774 2933 par
794 2867 933 2922 diffinita
950 2876 1076 2932 auteurs,
1095 2876 1133 2931 et,
1155 2868 1273 2920 insensi-
1295 2887 1298 2892 ·

185 2959 315 3020 blectent,
330 2956 355 3008 la
367 2955 453 3006 forme
465 2961 545 3019 ayant
555 2954 667 3018 pre'ralu
680 2967 726 3007 sur
738 2953 765 3004 le
775 2953 850 3016 fond,
862 2968 892 3006 ce
900 2968 934 3008 ue
945 2954 987 3006 lut
996 2955 1056 3021 plus
1066 2956 1166 3019 qu’une
1174 2955 1270 3020 espdce

186 3043 219 3097 de
233 3049 312 3094 conte
324 3041 500 3106 lantastiqua,
513 3039 612 3104 auquel
627 3039 802 3102 s’ajoutdreut
814 3039 847 3090 de
864 3041 1001 3092 nouvelles
1016 3039 1175 3103 marceium,
1194 3041 1270 3092 selon

185 3131 211 3182 le.
227 3129 332 3194 caprice
349 3129 395 3179 des
411 3127 613 3192 imaginatione.
628 3125 671 3176 Eu
689 3123 779 3177 meme
797 3132 893 3194 temps,
910 3132 937 3178 et
956 3139 1003 3191 par
1016 3139 1070 3176 uue
1082 3125 1270 3190 consequence

185 3221 262 3268 toute
276 3213 418 3278 naturelle,
434 3212 536 3276 l'esprit
549 3210 675 3276 general,
685 3209 734 3275 qui
749 3211 820 3262 avait
831 3210 966 3281 presidet
978 3212 1002 3262 la
1013 3212 1134 3263 creation
1150 3211 1184 3262 de
1198 3215 1272 3262 cette

184 3313 290 3364 oeuvre,
299 3298 424 3364 disparat
436 3306 464 3350 et
477 3297 583 3361 semea
593 3296 812 3360 complete-eut.
826 3297 921 3361 Quaud
934 3298 1037 3361 Apula'e
1047 3299 1103 3348 s’eu
1115 3308 1232 3360 empara,
1241 3306 1272 3347 ce

186 3387 283 3440 n’e'tait
292 3386 352 3452 plus
362 3386 446 3450 qu'uu
456 3384 576 3436 contede
586 3382 643 3435 le'es
652 3397 660 3445 ;
668 3389 696 3434 et
707 3383 770 3446 quet
784 3388 997 3436 commentateur
1008 3383 1090 3434 serait
1100 3393 1175 3433 assez
1186 3380 1272 3431 intre·

185 3472 328 3539 pidepour
338 3471 460 3534 audisse
469 3475 496 3522 et
508 3467 618 3522 reduit-e
628 3481 662 3520 en
674 3467 793 3532 systema
804 3466 977 3522 Pecu-dhone
992 3481 1027 3520 uu
1039 3469 1068 3518 tc
1078 3464 1152 3518 Belle
1166 3478 1203 3518 uu
1215 3465 1270 3515 duta

185 3555 331 3612 dormant?
340 3583 377 3596 -
386 3552 540 3628 (Betolaud,
550 3551 850 3618 traducticud’rtpulee,
860 3552 968 3606 collect.
981 3551 1152 3618 Paockoulrc,
1162 3556 1234 3602 torua
1246 3549 1269 3612 l,

184 3657 213 3708 p.
227 3641 302 3706 520).
695 3671 699 3678 -
907 3679 910 3683 .

221 3726 234 3760 ¹
251 3726 394 3780 h'histuire
408 3725 442 3777 de
452 3723 553 3790 nasale
562 3729 607 3776 est
620 3732 674 3776 true
682 3722 731 3775 des
742 3723 804 3788 plus
811 3721 964 3786 scanienses
971 3719 1018 3784 qui
1026 3731 1095 3770 nous
1102 3717 1269 3772 innuentia

184 3811 352 3878 l’untiquite.
368 3809 513 3864 Petet-etro
530 3809 646 3862 etait-oa
659 3808 771 3860 d'ahord
785 3822 839 3860 une
851 3806 997 3872 allegori03
1010 3804 1081 3856 rums
1092 3804 1268 3868 l'attegoriea

185 3896 292 3949 hientdt
304 3895 402 3948 tcurnd
414 3909 449 3946 au
461 3900 551 3959 conte,
568 3891 647 3958 price
661 3893 677 3944 a
692 3893 717 3944 la
732 3899 829 3944 nature
843 3892 880 3944 du
893 3890 975 3956 genie
989 3903 1062 3954 grec,
1075 3889 1122 3954 qni
1137 3902 1171 3941 ne
1188 3888 1269 3940 laissa

182 3995 233 4050 pas
247 3983 398 4048 lonsstemps
412 3981 438 4032 ta
456 3981 549 4032 oetion
565 3981 633 4032 daus
651 3980 690 4030 les
708 3977 840 4043 repeteres
851 3984 880 4030 et
893 3977 960 4028 dans
973 3976 1013 4028 les
1025 3975 1188 4041 emittemus,
1200 3972 1268 4024 mais

156 4090 159 4094 ·
182 4068 234 4134 qui
245 4067 341 4120 airueo
353 4068 378 4118 la
392 4066 460 4118 faire
473 4066 582 4118 aboutir
596 4079 648 4116 aux
658 4065 760 4128 imanes
771 4063 881 4116 rislhles
893 4070 921 4114 et
931 4063 1053 4114 vicantes
1057 4093 1235 4114 .......
1255 4081 1265 4109 ¹.
1314 4115 1318 4122 ,

222 4153 296 4205 C’est
312 4153 380 4205 dans
393 4165 423 4222 ce
435 4146 527 4202 roman
545 4147 591 4221 (les
607 4145 920 4218 caementariique
936 4149 965 4200 so
982 4156 1076 4200 trouve
1087 4147 1112 4199 la
1122 4143 1268 4196 desinimus
