2942 4722
685 276 729 288 -
753 235 796 304 49
819 273 863 288 ..

289 365 446 454 Denique,
458 364 486 432 si
496 363 663 453 quidoum
675 383 740 432 non
752 363 849 432 modo
861 364 1037 453 rhetorem,
1050 367 1106 435 sed
1116 367 1320 456 Africanum,

248 472 308 540 hoc
318 480 366 538 est
376 468 652 556 semibarbarum,
665 469 831 548 rhetorem
839 491 908 539 esse
917 472 1041 560 arguit,
1053 472 1170 560 lingua
1180 475 1322 544 maxime

247 590 308 668 est,
328 602 427 670 quern
442 581 506 649 sibi
519 582 606 650 iecit.
624 581 701 650 Afer
721 601 841 669 genere
859 592 891 649 et
910 582 1021 650 nativo
1036 603 1184 663 sermone
1198 586 1322 654 Punico

247 697 356 775 utens,
378 687 439 756 ubi
457 689 561 758 latina
577 689 764 779 eloquentie
779 689 937 758 excellere
955 689 1074 775 uoluit,
1089 711 1158 758 suae
1175 692 1245 781 ipse
1258 692 1323 759 lin-

246 814 321 882 guae
350 795 465 863 artifex
492 817 560 864 esse
586 795 713 865 debuit.
741 795 854 877 Qualis
870 807 983 865 autem
1007 795 1123 864 artifex
1147 797 1262 879 fuerit,
1284 819 1324 866 ex
1428 849 1434 857 .

247 923 344 990 opere
357 901 493 992 patebit.

265 1012 395 1088 ,Multo
413 1013 572 1102 majorem
590 1033 660 1081 esse
677 1012 885 1082 Floridorum
900 1032 1001 1101 quoru
1019 1012 1320 1101 Metamorphoseon

249 1117 448 1206 farraginem
462 1119 622 1204 diximum
639 1120 740 1188 totius
754 1140 831 1188 vero
840 1119 1037 1210 ,Apuleianae
1050 1118 1177 1206 linguae
1192 1117 1329 1207 farrago

248 1223 348 1292 etiam
366 1226 472 1314 major
489 1246 590 1315 quam
604 1227 814 1296 Floridorum
828 1227 978 1317 ipsarum
991 1224 1056 1294 dici
1069 1233 1186 1314 potest.

292 1333 328 1397 ln
349 1352 418 1420 qun¹
429 1329 616 1401 barbariem
635 1341 784 1420 arguunt
808 1342 839 1400 et
861 1329 967 1400 multa
988 1352 1063 1421 qun
1083 1331 1274 1418 solecismis,
1290 1341 1323 1399 et

248 1436 653 1526 multaquaebarbore'eme'e
667 1438 836 1506 simillimo
854 1459 923 1507 esse
936 1437 1103 1506 ridentur.
1120 1437 1323 1528 Eprioribus

249 1545 419 1628 eminent:

297 1653 397 1716 Totus
417 1672 476 1741 pro
495 1654 602 1721 omnis
620 1653 691 1742 (toti
705 1655 836 1742 judices
854 1655 887 1742 ¹).
1152 1733 1157 1740 ,

294 1759 465 1824 Castellum
478 1762 609 1848 inqnod.
619 1761 823 1848 denumerat,
840 1781 900 1851 pro
906 1761 948 1828 -in
963 1779 1030 1849 quo
1044 1759 1068 1821 ².

296 1865 358 1930 Ubi
369 1867 461 1931 darie
474 1868 600 1932 atinam
609 1871 626 1934 9
635 1888 695 1957 pro
710 1888 777 1955 quo
791 1867 885 1936 duois
900 1866 936 1933 ³⁴?
1119 1911 1138 1942 ι

293 1975 491 2040 Persuadere
509 1975 633 2086 qaad⁴
678 1996 737 2067 pro
764 1975 929 2043 infinitiva
960 1973 1262 2064 propositione.—
1217 1974 1322 2040 -Ut

295 2084 430 2150 Credere
442 2083 564 2173 quod⁵
680 2102 783 2170 groece
802 2089 857 2149 ὅτι.
926 2137 935 2153 .

293 2193 356 2260 Neo
377 2212 445 2260 non
465 2191 610 2283 plurima
628 2189 839 2260 sublatarum
859 2184 1128 2276 prepositionum
1152 2187 1321 2276 exempla,

249 2298 361 2387 qualia
384 2319 392 2364 τ
417 2299 575 2364 Accedere
591 2319 777 2386 preconem,
797 2316 963 2360 accurrere
984 2291 1131 2374 cadaver,
1154 2292 1325 2357 adhinnire

249 2407 388 2486 uoculae,
403 2409 515 2493 afferri
524 2429 629 2492 auree,
644 2405 752 2472 adesse
763 2402 939 2488 scopulum,
955 2401 1093 2466 arridere
1107 2400 1257 2487 aliquem,
1273 2421 1326 2464 ee·
1370 2441 1372 2446 ,

249 2516 391 2580 cumbere
403 2539 532 2602 cenam,
546 2514 748 2581 adambulare
757 2510 874 2599 Deam,
888 2509 1028 2576 inuidere
1037 2509 1175 2595 aliquem
1185 2518 1244 2574 etc.
1254 2510 1324 2576 Non

250 2629 386 2699 omnino
410 2628 543 2718 quidem
564 2621 694 2692 sublate
713 2618 777 2688 dici
802 2627 908 2708 potest
928 2615 1115 2706 praepositio
1135 2635 1208 2704 quoe
1226 2615 1325 2683 verbo

250 2737 353 2824 inest3
370 2758 452 2805 num
466 2745 577 2805 autem
592 2728 741 2800 eumdem
753 2724 834 2811 rim,
845 2722 945 2791 rerba
961 2722 1125 2807 immixta,
1140 2721 1271 2806 retinet,
1288 2741 1324 2788 uo

251 2847 279 2913 si
290 2854 451 2935 separata,
468 2853 499 2911 et
512 2862 569 2931 per
584 2859 631 2925 se,
646 2841 767 2906 staret?

296 2952 385 3020 Alias
399 2948 637 3041 praepositionis
655 2967 770 3016 sensus
789 2946 1041 3035 corrumpitur.
1055 2945 1203 3025 dacem
1189 2967 1224 3009 m
1242 2965 1325 3008 mar-

252 3069 355 3145 tanm,
365 3079 426 3147 pro
439 3058 543 3124 instar
554 3053 690 3123 mortni.

297 3167 414 3231 Contra
423 3165 567 3252 procliue
577 3165 707 3242 monto,
720 3181 779 3252 pro
794 3180 899 3228 secus.

296 3273 385 3340 Alias
397 3269 582 3363 praepositio
597 3267 760 3337 redundat
778 3290 785 3333 :
811 3267 930 3331 Vinum
937 3266 1112 3352 pretiorum
1124 3267 1161 3331 e'n
1174 3275 1277 3330 celate.

260 3431 264 3436 ·
296 3387 364 3450 Aut
388 3401 486 3472 prave
504 3376 676 3446 inducitur
706 3398 714 3442 ε
741 3374 911 3440 Attonitus
933 3374 967 3437 e'n
995 3381 1193 3460 conspectum
1222 3395 1325 3436 meum

255 3483 604 3580 (Quumadvooobulo
616 3483 784 3548 Attonitae
795 3479 901 3566 insit).
1308 3487 1312 3502 ·

297 3597 347 3665 Ad
360 3596 422 3663 hoc
437 3591 599 3661 nonnulla
612 3588 785 3674 voeabula,
801 3596 957 3676 corrupto
970 3598 1082 3671 seusu,
1101 3583 1323 3653 adhibentur:

252 3707 392 3788 Panare,
408 3722 467 3793 pro
483 3698 637 3788 temporis
656 3707 791 3787 punoto.

291 3963 299 3994 ¹
319 3963 394 4014 Turn.
411 3962 432 4023 Ι,
446 3975 471 4025 p.
490 3955 550 4010 ΙΙΙ.
564 3983 599 3995 -
613 3955 691 4018 ¹1d.‚
705 3969 730 4020 p.
747 3952 809 4006 652.
824 3978 858 3990 -
873 3947 884 3981 ⁸
901 3951 955 4013 Ιώ,
971 3965 997 4016 p.
1014 3949 1117 4003 668.-
1132 3946 1142 3982 ⁸
1155 3948 1211 4010 ld,
1225 3963 1250 4012 p.
1269 3948 1329 4008 180,

254 4077 289 4087 —
304 4047 315 4080 ⁸
329 4043 387 4111 ed,
404 4061 430 4110 p.
448 4046 508 4097 198.
1118 4037 1121 4046 “

1158 4127 1159 4130 ’
1174 4122 1189 4170 4
