2942 4722
254 382 389 466 Verum,
409 379 494 448 dicet
518 381 649 470 aliquis,
673 383 783 451 nullos
806 382 967 472 Apuleius
987 383 1135 451 honores·
1150 382 1288 472 adeptus

209 497 268 574 est,
291 487 351 576 qui
371 488 423 555 vix
442 488 660 579 municipales
678 489 892 576 magistratus
915 489 1054 578 gessisse
1071 489 1215 558 videtur.
1240 495 1288 560 lta

209 616 305 680 sene3
326 595 382 664 sed
403 595 491 684 quod
509 597 550 664 ad
569 595 696 685 ingenii
715 597 838 664 lamam
855 597 961 664 multo
974 596 1159 665 honoribus
1175 609 1206 662 et
1224 597 1289 686 ipsi

208 701 398 771 consulatui
411 713 554 792 praestat,
570 727 682 790 magus
694 703 829 772 babitus
842 714 901 771 est.

254 811 319 876 Cur
338 819 369 876 et
389 809 554 898 quomodo
568 811 742 899 Apuleiae,
763 811 844 878 dum
860 811 956 878 ceteri
973 810 1119 878 rhetores
1134 811 1289 898 pecunias

206 926 237 983 et
259 916 398 984 honores
412 927 639 1004 congererent,
653 918 771 1005 magiae
792 927 922 984 tantum
935 917 1059 984 lamam
1075 916 1202 984 artibus
1216 918 1289 985 suis

127 1057 137 1067 ·
209 1024 406 1111 quasiverit,
422 1024 579 1092 facillime
592 1024 832 1112 intelligemus
849 1024 877 1091 si
892 1024 988 1092 modo
999 1023 1239 1102 attenderimus
1252 1024 1287 1090 in

210 1150 276 1218 qua
289 1122 437 1217 regioni,
454 1131 543 1220 apud
559 1151 642 1220 quos
655 1131 819 1217 homines,
837 1140 869 1198 et
883 1131 1050 1210 perussit,
1067 1141 1098 1196 et
1114 1130 1243 1196 vixerit.

254 1237 289 1302 ln
316 1235 426 1304 Africa
449 1237 609 1325 Apuleius
631 1248 662 1304 et
677 1248 775 1304 natus
793 1248 854 1321 est,
874 1247 906 1305 et
925 1238 1007 1304 vixit
1021 1247 1053 1303 et
1067 1235 1160 1304 obiit.
1182 1235 1313 1304 Africa-

211 1355 321 1410 autem
339 1354 521 1430 portentosa
541 1345 628 1413 dicta
643 1360 702 1428 est,
727 1365 792 1412 uon
813 1355 943 1411 tentum
962 1343 1051 1432 quod
1072 1343 1161 1432 ipsa,
1181 1344 1238 1410 sed
1260 1353 1294 1410 et

211 1451 283 1538 ejus
305 1451 505 1540 populorum
529 1452 663 1539 ingenia
686 1461 915 1540 portentorum
942 1441 1140 1517 feracissime
1163 1439 1292 1538 semper

209 1557 357 1625 luerunt.
373 1560 443 1625 Non
456 1558 505 1625 ite
519 1557 612 1624 brevi
625 1568 698 1646 post
710 1556 893 1646 :Apuleium
904 1567 1050 1646 ternpore
1061 1565 1195 1642 gentem
1209 1555 1304 1620 hana·⁴

212 1664 304 1731 venis
327 1664 617 1754 superstitionibus
633 1665 777 1737 deditam
798 1674 943 1754 perstare
964 1662 1061 1731 divus
1082 1652 1300 1749 Augustinus

211 1776 383 1837 testatur¹.
401 1772 562 1859 Apuleius
577 1792 654 1838 vero
669 1772 736 1860 ipse
756 1791 820 1836 non
836 1772 906 1859 jam
928 1770 1025 1837 modo
1043 1769 1292 1858 superstitiones

211 1875 423 1964 popularium
447 1898 603 1961 stratum,
620 1875 675 1944 sed
692 1878 778 1967 quod
793 1879 834 1944 ad
848 1877 1098 1966 propagandam
1113 1877 1230 1963 magiae
1246 1877 1261 1940 f
1279 1913 1303 1936 2-

213 2003 301 2050 mem
317 2005 383 2051 nou
403 1987 514 2053 minus
529 1986 628 2071 velet,
641 1986 854 2070 stoliditatem
868 1985 1093 2054 incredibilem
1104 1985 1290 2051 denuntiat.

257 2091 341 2170 Quid
354 2093 442 2160 enim
457 2093 549 2161 aliud
563 2095 635 2181 ejus
651 2093 809 2182 Apologia
823 2103 882 2175 est,
899 2094 961 2158 nisi
977 2113 1049 2158 vere
1064 2102 1301 2180 portentosum.

214 2197 373 2266 Africanae
387 2200 576 2267 stoliditatis
593 2204 868 2268 monumentum?

261 2311 349 2375 luter
361 2307 584 2392 aliaarimina,
596 2317 768 2374 accusatur
778 2306 939 2394 Apuleius
953 2306 1042 2395 quod
1052 2318 1084 2372 et
1098 2309 1202 2384 forma
1213 2329 1295 2390 epra

212 2423 285 2505 pius
298 2428 360 2503 est,
375 2426 406 2484 et
421 2415 541 2502 eloquio
554 2415 649 2500 valet,
666 2422 698 2480 et
712 2415 872 2499 speculum
884 2413 1037 2498 possidet,
1055 2421 1086 2478 et
1100 2412 1144 2476 ad
1156 2414 1294 2476 amicum

213 2527 431 2616 dentifricium
444 2523 601 2610 quoddam
616 2522 716 2603 misit,
732 2529 764 2586 et
777 2543 901 2604 pauper
912 2519 991 2608 fuit.

258 2636 369 2722 Neque
384 2631 450 2697 haeo
464 2629 553 2696 satis.
569 2630 685 2714 Magus
699 2635 758 2709 est,
774 2627 851 2713 quia
862 2628 963 2710 pisces
972 2648 1093 2710 semper
1103 2627 1201 2695 emim
1217 2624 1296 2711 quia

211 2741 405 2805 carminibus
419 2735 587 2801 nonnullos
597 2757 714 2821 pueros
728 2743 758 2796 et
778 2734 934 2822 feminam
957 2733 1082 2796 demum
1100 2731 1295 2828 [ascinaoit';

211 2836 289 2935 qaia
302 2865 425 2923 turoam
435 2861 599 2910 suotnroeo
612 2861 789 2908 ruvonuruu
798 2859 911 2908 senuna
923 2859 1091 2921 manerem
1106 2836 1184 2925 quia
1193 2841 1297 2902 sacri-

211 2955 291 3037 ficia
314 2951 457 3039 quedam
481 2958 638 3020 veterna
659 2947 805 3038 peregit,
832 2965 975 3033 quorum
1000 2944 1138 3029 vestigia
1164 2945 1298 3010 inventa

215 3073 305 3137 sunt,
325 3043 486 3124 aaronita
495 3038 614 3142 pluma
627 3064 657 3118 et
672 3053 972 3142 parieles·fuiipine
990 3053 1163 3130 deformati
1172 3074 1183 3120 ,·
1204 3048 1298 3116 deni-

107 3241 109 3247 ,
214 3187 290 3255 que,
304 3162 584 3254 quiasipuiculum
593 3161 749 3248 quoddam
762 3161 880 3257 occulte
890 3160 1048 3237 fabricari
1060 3159 1200 3235 curavit,
1216 3155 1300 3242 quod

216 3274 376 3338 adoraret.
597 3344 600 3358 ὅ

153 3437 155 3444 .
260 3381 334 3446 Haec
349 3376 427 3444 satis
442 3379 549 3442 certet
562 3377 648 3458 imo,
660 3393 780 3466 magus
791 3383 839 3439 est
849 3372 927 3460 quia
936 3372 1066 3454 juvenis
1077 3391 1206 3432 oaorem
1219 3376 1298 3431 natu

218 3487 373 3570 majorem
392 3483 499 3548 duait.
826 3559 828 3562 Ι
942 3474 944 3478 ’

263 3593 337 3658 Haea
351 3598 538 3656 nexuerunt
553 3587 693 3654 crimina
707 3586 817 3653 callidi
831 3594 1055 3664 accusatorem
1072 3581 1112 3649 ad
1127 3581 1195 3646 haec
1211 3581 1300 3646 refu-

218 3697 320 3766 tanda
335 3705 445 3764 noster
463 3695 528 3763 «da
543 3695 712 3763 Platonica
730 3692 857 3760 familia
868 3718 883 3754 a
902 3711 1016 3760 omnes
1035 3688 1164 3776 ingenii
1181 3698 1212 3753 et
1233 3687 1300 3752 elo-

220 3805 364 3894 quentia
379 3804 476 3887 vires,
491 3822 600 3869 aarum
615 3799 822 3891 proconsule,
837 3798 995 3865 intendit!
1012 3793 1301 3881 Pudoret'quidern

219 3899 1302 3999 talibusineptiislonginsimmarari,quaquodammododlrica-

265 4155 272 4188 ¹
294 4157 381 4221 Epist.
396 4155 431 4207 ad
447 4152 613 4219 Nectartum,
630 4154 661 4203 ll.
