2942 4722
620 241 800 310 „ffi-

174 373 287 460 ambo,
309 384 346 442 ut
370 371 506 462 Psyche,
530 372 563 437 in
588 369 665 438 aula
690 368 822 454 nutriti,
849 369 1000 457 juvenes,
1025 372 1172 459 formosi,
1195 376 1255 446 flos

176 482 326 571 equitum
342 479 519 562 delibatus,
535 475 742 564 magnanimi
755 496 856 565 supra
868 497 970 566 quam
987 482 1207 548 necessarium
1223 493 1255 551 et

176 586 354 670 verisimile
368 597 435 669 est;
450 583 607 652 fratribus
620 583 686 650 illis
697 582 832 669 gloriari
845 593 982 672 possunt
999 593 1031 651 et
1044 586 1256 657 Cornelianus

176 693 341 781 Radrigus
359 704 390 760 et
407 691 607 759 Racinianus
620 689 765 757 Achilles
782 711 791 755 :
807 689 1035 779 perfectissimi
1048 713 1183 780 prorsus
1197 695 1257 764 ho·

177 801 321 887 minum,
334 801 399 868 nisi
410 797 579 868 amatoriis
595 796 737 885 querelis
746 807 779 864 et
789 796 949 864 amatoria
959 796 1146 868 urbanitate
1156 803 1256 890 paulo

176 908 311 995 longius
324 927 418 996 atquo
433 907 637 974 uterentur¹.
655 901 696 970 lle
716 912 784 970 tota
796 901 919 971 fabule
934 905 1072 990 ratione,
1095 921 1133 974 ut
1156 929 1255 996 quatu

176 1018 210 1084 in
225 1017 322 1107 pejus
335 1026 462 1083 mutata
475 1013 529 1098 sit,
551 1021 675 1101 pateat,
696 1009 758 1078 hoc
776 1031 884 1080 unum
902 1010 1009 1080 dicere
1028 1014 1107 1080 satis
1125 1016 1187 1082 erit
1202 1038 1210 1082 ε
1225 1026 1257 1082 et

176 1119 447 1201 noctistenebrae,
465 1130 496 1187 et
506 1119 628 1208 Psyche
641 1117 786 1207 pugione
796 1129 924 1184 armata
937 1118 1136 1207 pedetentim
1148 1122 1259 1208 ingre·

177 1231 283 1325 dieue,
299 1242 331 1297 et
345 1228 471 1317 Cupido
492 1225 665 1310 recubans,
682 1235 711 1292 et
727 1225 853 1313 lampas
871 1225 1042 1311 aloinum,
1062 1227 1259 1297 haecomnia

178 1323 340 1406 evanuere
346 1358 357 1419 ;
378 1335 424 1402 sic
444 1333 561 1400 theatri
578 1332 723 1418 dignitas
740 1330 889 1419 jubebat.
905 1332 990 1412 Quid
1009 1345 1121 1402 autem
1134 1335 1259 1406 dulcis·

178 1446 297 1512 simam
313 1461 443 1510 scenam
463 1439 611 1528 excepit?
625 1441 739 1525 Longa
753 1447 785 1505 et
798 1437 959 1525 frigidula
972 1440 1133 1508 confessio
1141 1442 1164 1510 ².

223 1549 308 1632 Quid
322 1549 422 1617 iudet
435 1548 504 1615 Aut
518 1566 580 1634 ego
594 1544 703 1630 fallor,
727 1552 785 1612 aut
805 1541 857 1610 his
879 1544 919 1612 de
937 1547 1057 1633 causis,
1078 1546 1169 1617 haud
1192 1552 1258 1620 scio

178 1680 220 1726 an
234 1680 251 1725 e
263 1655 510 1725 tribusfahellis
522 1655 609 1722 lectu
624 1651 869 1741 jucundissima
878 1653 920 1718 sit
932 1653 1129 1742 Apuleiana,
1146 1664 1258 1746 utpote

177 1786 251 1856 quae
264 1765 379 1842 trium,
389 1763 451 1830 etsi
463 1760 703 1848 antiquissima,
722 1759 858 1825 minime
875 1759 1083 1829 consenuisse
1094 1762 1255 1831 videatur.

177 1873 249 1940 Nou
266 1869 439 1939 mediocris
452 1890 491 1935 ea
505 1867 579 1934 lans
591 1865 743 1933 Africano
755 1852 890 1951 rhetoil,
905 1865 1028 1935 talibus
1039 1869 1132 1948 sirie,
1148 1871 1259 1960 aliqua

179 1979 287 2068 operis
307 1977 360 2045 sui
381 1985 485 2066 parte,
510 1994 576 2042 non
599 1972 786 2062 inferiorem
806 1973 979 2056 exstitisse,
1001 1997 1120 2065 quum,
1136 1977 1260 2067 quihus

179 2095 267 2152 caret
281 2083 475 2177 virtutibus
492 2103 545 2150 eas
556 2079 765 2169 jucunditate
781 2091 980 2170 compenset.

327 2555 359 2607 11.
380 2581 415 2592 -
432 2554 475 2606 DE
495 2554 662 2609 munerato
680 2555 990 2610 nustuottrflosuott
1008 2558 1115 2611 trano.

224 2745 318 2825 Quod
331 2747 474 2814 maxime
490 2746 615 2814 mirum
636 2747 671 2813 in
686 2745 748 2814 hac
761 2747 951 2818 fabularum
969 2751 1136 2842 farragine
1144 2754 1261 2820 -existi-

179 2850 351 2936 moverim,
373 2851 480 2918 exitus
502 2861 562 2919 est.
592 2851 715 2919 Desinit
739 2852 773 2920 in
799 2855 1042 2924 sanctissimum
1064 2859 1259 2946 mysterium
1322 2862 1325 2868 '

179 2977 300 3046 parum
312 2957 467 3044 religiosa
486 2978 629 3047 superne
651 2958 778 3027 fabula.
797 2961 978 3048 Repentina
994 2973 1025 3029 et
1041 2983 1116 3030 vere
1131 2965 1262 3052 magica

178 3063 374 3148 mutatione,
384 3065 517 3151 jocosus
532 3063 769 3155 obscenosque
781 3078 932 3136 narrator
946 3070 1134 3160 mystagogi
1145 3073 1260 3140 minis·

178 3171 300 3237 terium
316 3170 463 3259 suscipit,
482 3181 513 3237 et
535 3191 688 3239 arcanam
704 3173 888 3241 doctrinam
908 3175 1048 3264 explicat
1062 3188 1094 3245 et
1110 3189 1261 3265 penetra-

179 3277 224 3344 lia
235 3277 471 3368 mysteriorum
483 3277 612 3367 pandit.
625 3279 687 3359 Qui
696 3281 831 3369 quidem
845 3283 952 3350 exitus
964 3285 1070 3354 multo
1080 3283 1260 3354 faciliorem

180 3386 516 3475 opportunioremque
546 3407 647 3475 quam
669 3389 810 3476 Psyches
829 3389 945 3458 fabula
966 3392 1121 3480 plurimis
1147 3413 1261 3462 cusam

180 3492 336 3583 praehuit,
348 3503 386 3561 ut
401 3493 582 3582 Apuleium
596 3495 750 3562 nonnihil
764 3496 1030 3586 philosophicum
1040 3499 1076 3565 in
1090 3520 1187 3590 opere
1201 3521 1261 3570 suo

181 3601 376 3669 meditatum
399 3621 468 3668 esse
489 3601 738 3670 contenderent.
760 3604 971 3672 [lectissimus
989 3606 1046 3674 ille
1062 3606 1123 3694 vir,
1141 3607 1181 3675 de
1195 3629 1262 3697 quo

181 3707 315 3797 supra³,
343 3709 378 3776 in
396 3707 486 3776 hune
511 3707 637 3777 librum
661 3730 794 3777 omnem
811 3703 948 3799 Apuleii
975 3711 1157 3782 doctrinam
1184 3734 1263 3781 con·

180 3814 313 3882 fluxisse
333 3815 488 3903 affirmat,
505 3828 603 3905 atque
625 3815 687 3884 hoc
709 3818 744 3884 in
772 3817 883 3884 animo
898 3828 1065 3886 auctorem
1086 3818 1263 3888 habuisse⁴

164 4037 165 4042 ’
220 4052 228 4084 ¹
250 4049 490 4113 rocennaco.
511 4077 545 4090 -
564 4050 575 4082 ¹
594 4051 716 4114 aetery,
731 4050 868 4103 coenent.
1048 4127 1052 4132 Ι

220 4133 232 4170 ⁸
251 4135 437 4200 Charpentier,
455 4139 492 4188 Dc
507 4140 620 4201 mystica
635 4136 740 4201 apuleii
755 4137 888 4198 doctrina,
903 4151 929 4202 p.
950 4139 992 4192 to.
1004 4164 1038 4177 -
1054 4138 1135 4205 ⁴111,
1151 4155 1176 4206 p.
1194 4143 1237 4196 20.

1457 3883 1461 4149 l

1444 4265 1460 4684 l
