2942 4722
637 259 815 326 ..10-

191 405 321 470 maguS,
337 385 364 451 si
384 394 501 473 potest.
517 383 610 451 Modo
627 385 709 452 duas
724 405 776 451 ras
792 394 1038 463 sacrosanctae,
1057 385 1192 452 modum
1208 387 1267 452 sci·

191 492 267 558 licet
291 503 322 557 et
340 491 519 579 judicium,
536 491 795 558 reverentissime
811 492 1001 576 servaverit,
1022 491 1220 580 plaudemus
1234 504 1268 558 et

190 619 399 686 quacumque
410 599 564 682 voluerit,
581 618 771 686 sequemur.
783 601 908 664 Harum
921 608 1032 664 autem
1049 617 1158 664 rerum
1175 619 1267 664 reve-

190 705 329 770 rentiam
343 705 465 771 nonita
478 725 633 792 magnam
647 705 682 770 in
698 704 838 792 Apuleio
849 703 1041 792 reperimus

209 853 215 868 ι
235 812 477 900 Omniumque
490 815 788 900 llatamorphoseon
805 811 891 879 libro
902 813 1016 879 insunt
1028 811 1265 897 tragaediarum

126 921 129 926 ’
190 920 313 1008 optima
342 920 485 1008 prolecto
515 931 561 986 est
587 919 645 985 illa
669 919 708 986 de
736 918 906 1008 Thrasyllo
932 929 963 986 et
994 911 1174 997 Charitc¹,'
1192 941 1265 1008 qua
1334 995 1336 999 ⁸

189 1027 279 1094 haud
294 1027 452 1094 absimilis
467 1039 514 1094 est
529 1028 580 1093 illi
594 1026 683 1116 apud
698 1026 915 1093 Plutarchum
934 1026 1063 1115 inclyta
1078 1028 1118 1096 dc
1132 1029 1267 1094 Comma

190 1145 220 1200 et
236 1135 359 1201 Sinato.
376 1137 412 1200 ln
427 1134 487 1200 hac
500 1133 582 1200 nihil
597 1133 873 1212 inverecundum,
887 1132 970 1198 nihil
982 1143 1089 1222 turpe,
1106 1133 1186 1200 nihil
1200 1154 1265 1199 non

191 1242 390 1329 Melpomene
415 1244 568 1329 dignum.
591 1246 664 1329 lpaa
683 1240 783 1307 verba
809 1241 930 1328 quibus
947 1241 1093 1330 sopitum
1113 1241 1267 1329 Thrasyl

191 1348 263 1414 lum
280 1359 310 1413 et
329 1349 467 1436 jamjam
490 1348 691 1416 moriturum
712 1347 854 1434 Charite,
871 1347 1009 1415 ultionis
1033 1369 1105 1415 sum
1121 1369 1263 1436 compos,

191 1453 385 1542 alloquitur,
402 1456 516 1542 magni
538 1465 641 1543 poetae
659 1455 823 1540 tragicum
848 1475 943 1542 opuS,
963 1454 1142 1541 paululum
1157 1461 1267 1522 emen·
1316 1439 1319 1446 ’

191 1561 280 1645 data,
302 1583 368 1629 non
390 1563 634 1630 dedecorarcnt.
649 1563 723 1627 'Hoc
745 1561 908 1648 praecipue
928 1561 1084 1646 tragoedia
1100 1561 1158 1626 illa
1182 1561 1267 1627 velet

191 1669 280 1756 quod
302 1691 475 1757 personam
500 1669 644 1736 ostendit
667 1689 741 1756 quaa
756 1668 897 1732 maxime
912 1667 1076 1734 laudabili
1098 1669 1216 1755 affectu
1231 1668 1269 1754 in¹

191 1796 320 1863 poenam
342 1777 562 1843 scelestissimi
584 1775 727 1842 hominis
750 1773 947 1861 impellitur.
975 1775 1083 1841 Minus
1108 1775 1176 1842 haec
1202 1775 1267 1841 alia

192 1882 275 1948 mihi
294 1884 399 1970 placet
414 1905 480 1971 qua
496 1894 559 1950 tres
571 1882 688 1948 fratres
704 1901 723 1946 a
737 1880 838 1946 divite
853 1880 997 1967 quodam
1010 1881 1143 1949 hordine
1157 1893 1189 1949 et
1200 1883 1268 1949 fac-

192 1991 274 2057 tioso
290 2000 321 2057 et
336 1991 477 2058 violento
500 1990 723 2058 crudelissime
738 1988 844 2055 necati
866 2009 934 2054 esse
956 1990 1169 2056 narrantur2.
1184 1990 1269 2056 Mul-

192 2107 263 2163 tum
286 2098 419 2185 quidem
442 2097 522 2164 huic
542 2096 799 2163 narratiunculae
822 2094 945 2180 vigoris
969 2094 1078 2162 inest:
1097 2095 1267 2163 haudsoio

191 2223 241 2268 an·
255 2203 410 2270 nimium.
434 2209 505 2271 Non
525 2204 594 2290 jam
624 2204 711 2270 enim
736 2212 891 2268 terrorem
917 2201 1035 2268 animis
1051 2203 1267 2270 admiratione

79 2299 84 2304 ’
192 2308 346 2393 mixtum,
359 2310 415 2376 sed
430 2331 559 2377 merum
571 2310 742 2376 horrorem
757 2309 877 2394 injicit,
894 2319 938 2382 et.
954 2327 1024 2395 prae
1039 2309 1186 2396 horrore,
1201 2311 1268 2377 sas-

193 2416 324 2482 tidiurn.
341 2419 418 2496 Quis
430 2418 512 2484 ferre
526 2429 623 2506 queat
635 2418 802 2484 hominem
818 2415 963 2500 gratuito
977 2416 1054 2482 feris
1068 2417 1205 2484 canibus
1220 2418 1236 2484 f
1252 2457 1267 2468 -
1308 2497 1313 2506 .

192 2523 335 2588 riorernt
360 2522 494 2589 Talibus
515 2525 670 2589 monstris
696 2543 762 2589 non
785 2519 915 2604 fabulae,
937 2521 993 2587 sed
1013 2521 1264 2610 amphitheatra,

192 2639 369 2714 patent3et
385 2650 585 2716 quamquam
904 2636 908 2644 '

602 2841 657 2855 .....
678 2807 829 2858 Pictoribus
845 2815 926 2872 atque
942 2808 1027 2871 poetis

369 2893 506 2955 Quidlibet
518 2894 633 2944 audendi
647 2909 748 2960 semper
759 2895 811 2948 suit
821 2910 896 2960 aequa
908 2904 1036 2961 potestaS,

193 3042 278 3108 nulli
299 3062 445 3129 unquam
472 3054 574 3130 poetae
597 3044 691 3111 licuit
716 3046 846 3132 tigridis
867 3047 1015 3111 animum
1034 3043 1180 3109 humano
1196 3062 1271 3123 ,ecr-

192 3149 264 3235 pori
277 3148 462 3217 infundere.
481 3155 546 3218 Hoc
563 3163 690 3218 tantum
709 3155 887 3242 conspicua
907 3163 956 3220 est
970 3154 1032 3220 ista
1045 3151 1164 3219 fabella
1181 3151 1269 3238 quod

193 3255 319 3343 aliquid
338 3257 377 3324 de
398 3259 495 3325 Medii
514 3259 587 3326 AEtvi
610 3260 759 3326 moribus
778 3260 915 3330 redolet.
942 3287 956 3322 u
980 3259 1103 3326 Casula
1125 3257 1268 3346 parvula

192 3365 411 3430 conterminos
424 3385 562 3452 magnos
577 3378 608 3434 et
621 3365 733 3435 beatos
753 3389 848 3454 agros
862 3366 1047 3456 possidebat
1064 3346 1189 3430 vicinus
1204 3384 1268 3450 po-

192 3480 275 3554 tenS,
293 3481 324 3536 et
344 3471 446 3555 divae,
463 3483 493 3538 et
504 3473 650 3560 juvenis,
665 3484 696 3540 et
710 3476 869 3564 prosapiae
883 3477 1046 3562 majorum
1063 3465 1169 3559 gloria
1183 3470 1268 3536 male

111 3656 113 3662 ¹
196 3587 302 3661 utana,
321 3579 512 3668 pollensque
528 3580 725 3650 factionibus
746 3593 777 3648 et
792 3592 910 3650 cuncta
931 3582 1026 3649 facile
1040 3580 1162 3648 faciens
1176 3578 1210 3644 in
1224 3579 1271 3644 ci-

193 3685 305 3753 vitate.
330 3673 447 3754 Hostili
470 3688 567 3754 modo
594 3689 694 3756 vicini
721 3690 827 3758 tenuis
853 3689 1042 3757 incursabat
1064 3687 1268 3776 pauperiem,

194 3813 297 3879 pecua
306 3793 511 3873 trucidando,
525 3794 624 3863 boves
640 3795 815 3884 abigendo,
827 3798 942 3883 fruges
956 3795 1064 3864 adhuc
1075 3796 1270 3862 immaturas

195 3897 383 3968 obterendo.
407 3903 543 3989 Jamque
567 3912 633 3969 tota
656 3903 847 3990 frugalitate
864 3903 1055 3992 spoliatum,
1074 3901 1153 3990 ipsis
1173 3899 1268 3966 etiarn

233 4145 238 4176 ¹
260 4147 332 4194 'l'onn
348 4148 366 4208 l,
384 4162 408 4210 p.
422 4149 551 4199 otto-:tta
580 4180 603 4185 --
626 4152 635 4181 ²
656 4149 686 4197 ld
703 4149 854 4210 ,azia-ooo.
