2942 4722
211 362 320 430 multo
334 372 407 452 post
421 383 499 430 eum
513 361 880 453 vixerunt,‘llpnlciu1n
899 386 965 432 non
981 375 1049 432 tam
1063 363 1297 454 philosophum

207 491 311 559 quam
328 491 465 558 magum
482 469 583 538 fuisse
603 471 807 558 proclamant
825 493 832 537 :
847 471 934 538 inter
953 492 1036 561 quos
1054 471 1201 539 Africani
1215 471 1296 556 duo,

210 577 401 644 Lactantius
416 588 447 645 et
462 579 595 644 sanctus
609 578 833 664 Augustinus,
849 578 1026 656 Platonica
1040 578 1174 667 quidem
1190 576 1299 666 philo·

159 715 161 720 ·
209 683 331 772 sophiae
349 683 643 752 laudem¹tribuit
664 683 716 750 illi
736 685 963 752 sanctissimus
983 686 1168 773 episcopus,
1190 685 1247 753 sed
1266 694 1299 752 et

184 799 186 806 ’
210 792 354 878 peritum
370 792 528 878 magum²
545 812 621 858 eum
635 790 736 858 fnisse
756 811 823 857 non
837 803 949 879 nogat.
964 792 1072 860 Refert
1087 789 1298 860 Lactantius⁸

210 897 323 965 multa
343 898 417 986 ejus
446 897 608 968 miracula
637 897 740 964 solere
769 900 964 984 memorari3
989 909 1028 970 ,et
1059 899 1195 986 insuper
1218 918 1297 965 eum

208 1013 344 1072 sanctus
370 1003 610 1094 Hieronymus⁴
637 1025 713 1072 curn
740 1005 903 1094 AEgyptiis
925 1007 1032 1093 magis
1056 1017 1087 1072 et
1109 1005 1297 1093 Apollonio,

210 1110 268 1200 qni
283 1109 450 1177 mirabilia
465 1112 591 1199 operati
605 1121 695 1194 sunt,
713 1111 848 1178 confert.
862 1114 985 1202 Neque,
1003 1124 1041 1180 ut
1057 1113 1143 1179 infra
1152 1111 1295 1201 patebit,

210 1217 438 1301 postmortem
454 1224 585 1282 tontum
600 1234 719 1300 magus
735 1213 870 1282 habitus
886 1225 934 1283 est
948 1216 1121 1304 Apuleius.

255 1320 368 1399 Qualis
382 1342 462 1408 ergo
476 1321 694 1412 philosophus
707 1322 763 1388 ille
776 1334 824 1390 est
838 1324 908 1410 qui,
926 1336 958 1391 et
971 1325 1068 1392 vivus
1082 1333 1114 1390 et
1130 1335 1295 1407 mortuus

210 1426 352 1495 hahetur
364 1433 504 1516 magns‘l
519 1430 614 1497 Haud
629 1429 783 1519 equidem
799 1430 1016 1499 dissimulabo
1032 1453 1084 1499 me
1098 1451 1297 1524 magnopere

211 1534 426 1624 philosophiae
441 1537 513 1625 ejus
528 1537 687 1604 diffidere.

256 1642 479 1732 Scripsit'sonc
491 1643 653 1732 Apuleius
664 1645 790 1734 aliquot
803 1645 1040 1735 philosophica,
1053 1666 1120 1712 non
1133 1666 1171 1712 ea
1184 1653 1296 1736 tamen

210 1769 284 1836 quae
299 1769 414 1816 vestrm
431 1749 666 1840 philosophum
681 1751 832 1840 prodant.
850 1754 975 1819 Horum
992 1751 1141 1841 quadam
1157 1749 1297 1841 periere,

128 1883 135 1894 ·
188 1863 191 1869 '
211 1864 249 1922 ut
265 1854 399 1940 Phoeclo,
415 1859 635 1944 Hermagoras
653 1866 684 1924 et
703 1857 742 1925 de
759 1857 939 1946 Republica
958 1857 1043 1924 liber
1059 1881 1067 1923 ε
1085 1858 1140 1926 sed
1156 1859 1227 1946 ipsa
1239 1878 1298 1924 no·

133 2055 137 2060 ¹
211 1960 302 2028 mina
329 1963 533 2031 Platonicam
558 1964 721 2051 originem
746 1965 825 2033 satis
851 1965 1060 2032 denuntiant.
1084 1966 1296 2044 Quae’autem

209 2076 351 2152 servata,
373 2069 436 2135 tria
455 2081 534 2136 sunt
551 2091 560 2135 :
576 2069 615 2137 de
641 2072 703 2137 Deo
724 2071 877 2156 SocratiS,
903 2070 941 2138 de
962 2072 1117 2157 Dogmata
1137 2069 1295 2157 Platonis,
1402 2102 1405 2108 ¹

209 2174 250 2242 de
264 2176 408 2260 Mnnd03
427 2177 494 2244 haec
518 2178 585 2246 duo
609 2178 728 2245 ultima
751 2179 890 2258 aridam,
912 2178 1052 2268 ideoque
1073 2199 1138 2277 non
1155 2180 1201 2245 ita
1214 2179 1296 2247 lide-

209 2281 274 2348 lem
285 2282 460 2350 Platonica
470 2294 501 2350 et
512 2284 726 2353 Aristotelicas
736 2286 892 2353 doctrinae
907 2285 1195 2354 adumbrationem
1213 2307 1297 2374 prae-
1312 2360 1319 2371 ,

209 2387 306 2474 hent3
329 2392 475 2484 primurn
500 2402 624 2478 autem,
649 2414 717 2460 una
740 2414 816 2459 oum
839 2391 1011 2459 Socraticis
1034 2392 1162 2481 placitis
1181 2403 1213 2459 et
1233 2391 1296 2460 suh

209 2496 350 2564 Socratis
363 2499 508 2584 nomine,
521 2519 640 2566 novam
654 2497 833 2588 qrramdam
844 2500 882 2563 de
892 2499 1096 2562 Doemoaz'buc
1111 2498 1295 2566 doctrinam

208 2601 340 2671 exhibet
368 2625 469 2692 qnam
493 2627 511 2671 e
535 2605 700 2694 mysteriis
727 2615 833 2672 ortam
862 2606 1049 2692 suscepturi
1083 2603 1177 2670 brevi
1202 2607 1296 2670 erant

158 2687 172 2716 ⁹
210 2711 426 2785 Alexandrini
441 2711 644 2802 philosophi;
664 2713 802 2800 mystica
816 2713 904 2779 enim
921 2712 1027 2798 magis
1043 2732 1142 2799 quam
1155 2709 1297 2800 philoso-

209 2817 306 2908 phica
332 2818 477 2886 videtur.
499 2819 626 2887 Nollem
648 2819 815 2908 equidem,
838 2817 1078 2907 philosophicas
1104 2838 1155 2885 res
1178 2837 1298 2904 aggre-

210 2923 341 3011 diendo,
361 2925 595 3013 gravissimum
616 2947 703 3014 ,onus
720 2923 1068 3014 imparibnshume‘ris
1082 2924 1193 2992 subire
1200 2948 1210 3008 ;
1232 2925 1294 2992 hoc
1341 2943 1343 2948 ·

208 3041 319 3100 tamen
333 3033 492 3100 affirmari
508 3053 601 3122 posse
615 3032 787 3118 existimo,
795 3033 987 3122 Apuleium,
1005 3036 1040 3098 in
1057 3031 1292 3121 philosophicis

183 3175 187 3181 ·
207 3137 292 3225 suis,
312 3127 382 3205 hon
405 3138 653 3229 philosophum,
678 3138 734 3206 sed
757 3139 871 3206 aliena
885 3130 1099 3228 philosophiae
1119 3140 1296 3206 translato-

211 3264 280 3310 rem
297 3244 572 3333 vulgatoremqne
586 3245 684 3313 modo
698 3245 870 3313 exstitisse.

255 3352 296 3418 Ut
311 3351 418 3440 qualis
433 3352 534 3420 fuerit
549 3363 635 3421 recte
651 3351 853 3440 judicemus
871 3353 912 3420 ad
930 3373 968 3419 ea
980 3351 1153 3425 veniamus
1167 3360 1295 3439 oportet

211 3477 284 3545 quae
302 3443 399 3525 atilli
419 3460 551 3550 propria
572 3469 650 3528 snut
669 3471 701 3526 et
716 3469 876 3548 tanquam
898 3459 1051 3526 collectos
1073 3459 1145 3546 ejus
1166 3457 1295 3544 ingenii

207 3563 306 3634 flores
320 3567 475 3634 offerunt.
493 3567 631 3632 Florida
648 3567 720 3634 dico
734 3577 765 3634 et
780 3568 986 3657 Apoloqiam.

255 3676 291 3740 lu
315 3673 456 3742 Floridis
478 3674 562 3741 nihil
585 3695 650 3742 non
676 3674 866 3741 invenimus
888 3697 895 3739 :
915 3665 1168 3762 philosophiam‘,
1190 3669 1295 3737 histo·

210 3778 308 3861 riam,
325 3781 576 3872 geographiam,
599 3777 816 3867 medicinam,
838 3779 1089 3863 astronomiam,
1106 3777 1290 3868 physicam,

249 4049 256 4081 '¹
280 4045 340 4101 Otto
351 4050 384 4100 de
401 4053 477 4114 Dten,
492 4065 553 4116 virt,
567 4051 609 4104 12.
619 4051 732 4118 --2up
746 4052 791 4105 Vct
808 4047 959 4104 Marectttn.
970 4048 1023 4088 -θ
1034 4053 1102 4101 Inst.
1114 4049 1211 4114 diota,
1223 4059 1251 4109 v,
1261 4048 1290 4098 5.

213 4163 244 4174 -
267 4135 277 4168 ⁸
299 4141 330 4189 ln
347 4133 449 4189 Psalm.
470 4140 515 4190 8l.
875 4129 879 4134 ’
924 4157 926 4164 κ
