2942 4722
214 415 287 476 rom
316 405 487 483 potestates
510 393 694 471 intersitae,
719 413 835 480 easque
862 392 1079 460 divinationes
1102 403 1236 460 cunetas
1260 402 1291 459 et

213 525 381 592 naporum
393 500 551 566 miracala
562 498 760 586 gubernare.
779 525 794 560 »
812 500 925 566 Nonne
944 499 1011 568 baec
1026 509 1074 567 est
1086 499 1203 587 magite
1218 511 1291 567 tan-

167 657 178 695 r
203 630 313 698 ¹quam
338 627 469 676 summa
492 607 545 676 lex
571 617 603 674 et
628 607 733 674 rotio‘l
757 607 811 673 Sic
837 605 978 695 denique
1003 607 1126 674 crimen
1149 627 1290 695 purgare

212 717 342 784 videtur
358 727 394 784 ut
408 736 476 784 una
488 726 520 782 et
531 719 698 808 propriam
713 725 744 782 et
761 715 877 800 magiae
894 735 1027 782 oausam
1044 715 1164 782 vineat.
1180 715 1290 802 Neque

212 821 303 889 aliud
316 823 389 909 ejus
408 822 455 890 rei
469 831 707 908 argumentum
726 821 840 888 afferre
861 820 960 889 velim
979 841 1080 916 quam
1092 819 1195 908 quud,
1212 822 1291 886 Lao-

211 929 315 1000 tantio
338 941 371 996 et
398 929 473 998 diro
501 929 708 1016 Augustino,
738 927 899 998 Africanis
927 927 1107 1012 ambobus,
1137 925 1287 1004 testibus,
1328 957 1330 960 ·

212 1035 355 1104 obtinuit
378 1047 414 1104 ut
430 1037 500 1124 jam
520 1036 681 1119 vidimus,
703 1045 735 1102 et
758 1055 863 1122 usque
888 1035 1019 1102 duravit
1044 1034 1177 1122 Apuleii
1194 1035 1291 1120 ,magi

210 1145 309 1210 latua.

655 1364 835 1374 -.----.--

546 1518 638 1602 mv.
667 1577 703 1588 -
731 1551 923 1604 conotusro.

257 1715 420 1780 Tenemus
435 1735 524 1782 nune
539 1714 622 1802 quid
632 1715 672 1782 de
684 1716 834 1804 Apuleio,
852 1715 984 1804 qualem
999 1714 1287 1804 Metamorphoses
1341 1803 1343 1808 Ι

213 1820 340 1889 Florida
353 1830 384 1887 et
397 1820 557 1908 Apologia
573 1821 764 1907 ostendunt,
777 1843 907 1890 censere
921 1821 1110 1889 debeamus

259 1928 449 2014 lugeniosus
471 1926 585 2015 procul
605 1926 709 1995 dubio
729 1926 828 1996 bomo
851 1937 1011 1996 natusest
1034 1939 1065 1994 et
1090 1928 1196 1995 omnis
1215 1927 1291 1995 doo-

212 2035 305 2102 trinae
324 2035 453 2101 avidus.
490 2031 611 2120 Longis
639 2055 697 2123 per
722 2035 934 2122 politissimos
972 2044 1087 2122 gentes
1115 2033 1290 2101 itineribus

213 2143 317 2208 multa
333 2141 464 2225 ilidioit3
481 2141 603 2230 Ulyssis
619 2141 724 2208 instar
737 2165 756 2213 τ,

386 2299 387 2302 ’
408 2295 503 2342 Πολλῶν
517 2287 646 2359 ἀνθρώπων
660 2285 709 2341 ἴδεν
723 2290 796 2340 uiurs'a
807 2290 847 2340 uari
859 2292 906 2341 rior
916 2291 986 2360 ἔγνω.

212 2423 296 2503 Quid
316 2431 426 2488 arulum
441 2419 474 2486 in
490 2418 541 2489 his
558 2417 698 2486 urbibus
714 2427 745 2485 et
760 2418 846 2485 inter
858 2418 918 2485 hos
930 2418 1080 2486 homines
1096 2417 1198 2486 ridit‘l
1213 2417 1290 2482 (lm-

212 2534 294 2600 niae
309 2531 397 2599 malo
412 2531 447 2596 in
464 2531 559 2618 pejus
575 2529 720 2597 labentia
730 2551 741 2614 ;
752 2540 876 2598 stantes
887 2529 995 2598 adhue
1010 2528 1135 2616 aliquot
1150 2547 1289 2614 magno-

211 2660 286 2707 rum
299 2628 473 2708 nominum
487 2636 635 2722 umbras,
649 2637 832 2724 religionis,
845 2637 1051 2726 eloquentiae,
1063 2633 1287 2726 philosophiae,

210 2747 266 2814 sed
285 2743 419 2812 umbras
434 2754 582 2828 tantum3
599 2744 707 2833 reipsa
722 2743 805 2811 nihil
820 2745 884 2812 nisi
904 2744 1113 2844 turpissimas
1131 2743 1290 2830 supersti-

213 2855 329 2937 nonen,
342 2852 504 2940 puerilem
516 2848 1289 2940 loquacitatemmorasquenugassubhisnomi-

214 2958 311 3027 nibus
331 2959 494 3050 latentem·
512 2957 727 3027 barbatorum
746 2958 1024 3046 palliatorumque
1039 2957 1142 3026 millia
1162 2955 1290 3046 :philo

211 3068 695 3156 sophomquotumquemque‘l
717 3067 952 3134 declamatores
976 3076 1168 3133 sexcentos:
1189 3084 1288 3153 quem

211 3177 395 3241 oratorem?
407 3172 620 3240 Sacerdotem
634 3171 780 3256 turham,
793 3171 1045 3241 victimaromin
1060 3171 1289 3241 omnibusaris
1303 3204 1306 3210 s

212 3302 343 3349 acervos
357 3302 366 3346 :
381 3290 462 3368 quot
480 3301 555 3348 vere
573 3280 656 3368 pion,
674 3300 748 3368 vere
762 3280 899 3368 antiqua
919 3281 1059 3348 numina
1074 3283 1289 3348 venerantes?
1330 3343 1332 3349 ,

211 3389 315 3456 Mores
340 3387 539 3476 jamdudum
559 3387 719 3474 perditos3
734 3386 885 3454 homiues
905 3387 1060 3473 ingenuae
1081 3386 1184 3475 ullius
1204 3394 1235 3452 et
1248 3384 1289 3452 li-

211 3491 332 3560 beralis
347 3493 426 3559 artis
439 3514 480 3561 ne
500 3513 661 3561 memores
676 3491 824 3580 quidem,
841 3492 965 3560 nedum
983 3492 1163 3575 studiosum
1176 3511 1288 3559 omnes

212 3601 312 3685 ludio,
331 3600 494 3688 voluptati
517 3611 575 3667 aut
605 3601 742 3687 magicis
763 3601 863 3688 nugis
883 3601 1044 3684 intentos;
1065 3621 1158 3690 spem
1183 3599 1289 3670 futuri

212 3706 353 3793 nullam,
370 3728 474 3796 quum
489 3727 539 3784 ea,
555 3729 627 3796 quae
648 3709 683 3782 in
704 3707 831 3776 intimis
850 3709 980 3797 imperii
1000 3707 1192 3793 visceribuS,
1205 3700 1289 3796 jam-

109 3900 113 3908 ·
208 3816 277 3901 jam
293 3826 464 3904 eruptura,
475 3814 634 3909 fervebat,
648 3815 695 3882 vel
709 3815 975 3882 doctissimorum
988 3816 1267 3884 acumen'falleret
1276 3838 1286 3898 ;

211 3918 353 4010 deniqire
367 3922 402 3988 in
414 3921 476 3989 hae
491 3921 669 3990 insanabili
683 3921 832 3989 omnium
848 3943 960 3990 rerum
976 3923 1152 4012 putredine
1166 3923 1288 3992 floren-

211 4039 275 4094 tem
305 4028 513 4095 rhetorioam.
542 4029 716 4116 Ingenium
732 4029 919 4097 humanum
944 4040 1100 4119 tanquam
1124 4029 1286 4098 oiroulum

213 4137 388 4221 qrtomdam
424 4137 610 4224 implevisse
642 4122 814 4203 videbator
841 4161 847 4200 ε
880 4138 1097 4224 curriculum,
1113 4137 1306 4205 Socraticis
