2942 4722
568 263 571 268 .
654 259 693 270 ....
718 221 763 290 23
787 263 829 272 -

204 343 332 413 ancillae
355 344 445 412 filius
465 365 565 433 nepos
579 347 712 413 Veneris
735 349 856 414 audiet.
877 373 892 412 a
914 350 1035 415 Verum
1055 347 1116 416 dea
1135 367 1287 415 romanas

203 451 294 538 leges
311 450 427 519 didicit
445 473 453 517 ε
478 476 492 512 α
512 453 657 540 lmpares
678 455 816 542 nuptia,
834 462 865 521 et
880 463 1039 543 praterea
1059 453 1200 540 invilla,
1218 455 1288 522 sine

204 557 344 627 testibus
360 568 391 624 et
413 569 505 647 patre
517 579 583 626 uon
599 561 820 628 consentiente
833 553 938 646 factae,
959 561 1116 647 legitima
1131 581 1196 628 non
1213 581 1289 650 pos-

205 677 283 732 sunt
299 665 404 734 videri
413 688 423 748 ;
439 686 475 732 ac
489 687 549 755 per
562 667 623 734 boe
638 668 772 757 spurius
784 667 845 735 iste
860 679 1054 736 nascetur...
1067 694 1083 732 a
1379 661 1382 665 ’

232 772 462 842 'Orcidomus
484 773 809 842 ridiculismonstris
830 774 949 841 referta
976 775 1018 842 ab
1044 776 1145 865 impio
1173 797 1288 844 narra—

207 889 274 948 tore
295 879 492 947 ostenditur.
510 879 637 948 Gharon
652 881 823 968 squalidus
839 883 935 949 modo
955 903 1052 950 senex
1072 892 1140 967 est3
1163 884 1285 971 Parcae,

164 997 171 1009 '
205 986 356 1054 textrices
373 1007 470 1072 anua,
492 987 590 1054 telam
610 999 785 1056 struentes.
807 988 869 1056 Sed
883 989 1049 1077 quomodo
1068 990 1188 1057 inferos
1211 990 1289 1059 deos

207 1104 386 1179 vereretur,
401 1095 460 1181 qui
475 1114 637 1180 magnum
651 1096 762 1183 ipsum
773 1097 886 1163 lovem
901 1096 1000 1164 audet
1014 1095 1184 1164 derideret
1203 1099 1290 1188 Sup-

204 1200 343 1290 plicanti
353 1200 524 1289 Cupidini,
539 1202 596 1286 sio,
615 1201 705 1290 apud
716 1201 914 1290 Apuleium,
929 1227 946 1265 o
957 1202 1072 1270 divum
1083 1213 1176 1293 pater
1190 1214 1289 1292 atque

205 1303 381 1374 hominum
398 1327 482 1373 rex»
499 1307 718 1397 respondet¹:
832 1377 835 1383 ,

253 1441 270 1478 «
287 1413 375 1480 Licet
397 1428 454 1498 tu,
476 1414 608 1482 domine
627 1416 692 1502 fili,
711 1436 886 1504 nunquam
911 1415 993 1482 mibi
1010 1435 1168 1483 concessu
1184 1419 1287 1496 Deum

205 1520 374 1588 decretum
393 1523 532 1588 servaris
549 1523 725 1608 honorem,
747 1523 803 1591 sed
826 1524 915 1592 istud
937 1533 1051 1612 peetus
1070 1542 1195 1605 meum,
1221 1545 1288 1612 quo

204 1627 294 1713 leges
315 1628 553 1697 clementorum
572 1639 604 1696 et
618 1630 704 1698 vices
723 1629 868 1698 siderum
888 1630 1123 1718 disponuntur,
1149 1629 1289 1698 convul-

205 1735 332 1802 neraris
354 1735 496 1803 assiduis
519 1735 658 1820 ictibus,
684 1737 872 1827 crebrisque
899 1747 1035 1804 terrena
1059 1736 1206 1804 libidinis
1231 1736 1247 1803 f
1275 1775 1290 1786 ·

206 1839 334 1908 dareris
353 1843 499 1927 casibus,
523 1855 701 1932 contraque
722 1844 824 1930 leges,
848 1855 880 1911 et
901 1844 1008 1932 ipsam
1031 1835 1166 1928 Juliam,
1191 1842 1291 1910 disci·

204 1947 397 2037 plinamque
424 1949 610 2036 publicam,
637 1949 792 2039 turpibus
813 1949 985 2018 adulteriis
1015 1949 1290 2016 existimationem

204 2053 394 2144 famamque
407 2076 514 2124 meam
523 2051 660 2143 laseris,
675 2057 709 2124 in
724 2068 901 2146 serpentes,
918 2057 952 2123 in
967 2057 1075 2144 ignes,
1092 2057 1126 2122 in
1138 2055 1235 2135 ieras,
1253 2057 1287 2122 in

206 2182 282 2230 aves
300 2173 332 2229 et
347 2163 620 2253 gregaliapecua
639 2185 769 2232 serenos
792 2165 905 2232 vultus
930 2185 1018 2231 meos
1036 2163 1166 2231 sordide
1186 2162 1289 2230 rofor-

206 2268 328 2336 mando
357 2279 520 2357 attamen,
549 2271 714 2340 modestia
746 2292 826 2339 meae
851 2291 996 2355 memor,
1027 2270 1181 2359 quodque
1202 2271 1290 2336 inter

207 2374 286 2442 istas
299 2396 419 2444 manus
433 2398 522 2446 meas
537 2380 688 2458 treverio,
705 2389 824 2446 cuncta
837 2378 1047 2467 perficiam...
1067 2401 1082 2438 a
1119 2465 1121 2470 Ι

185 2543 193 2560 ,
221 2529 228 2542 ,
256 2506 274 2546 a
286 2483 339 2550 Sic
359 2484 461 2570 fatue,
474 2484 571 2572 jubet
591 2485 793 2553 Mercurium
809 2485 885 2553 deos
905 2504 1018 2552 omnes
1037 2485 1079 2552 ad
1099 2484 1289 2552 concionem

206 2590 358 2678 protinus
374 2611 569 2675 convocare3
585 2613 635 2670 ac,
651 2591 756 2681 siqui
771 2602 854 2659 eoetu
870 2591 1052 2658 celestium
1069 2591 1237 2676 defuisset,
1254 2590 1288 2656 in

206 2713 336 2783 poenam
362 2696 472 2764 decem
493 2698 639 2766 millium
661 2707 840 2765 numinum
859 2708 1057 2765 conventum
1079 2697 1122 2763 iri
1142 2717 1291 2785 pronun·

207 2801 301 2868 tiara.
321 2804 391 2882 Quo
415 2814 510 2874 metu·
526 2805 637 2871 statim
661 2787 823 2892 completo
841 2805 961 2872 celesti
981 2803 1119 2888 theatro,
1137 2823 1196 2890 pro
1215 2805 1290 2870 sede

207 2907 346 2978 sublimi
369 2909 484 2978 sedens
506 2931 662 3000 procerus
685 2911 827 3001 Jupiter,
854 2911 900 2977 sic
920 2899 1094 2978 enuntiat:
1112 2933 1130 2974 u
1144 2909 1199 2976 Dei
1213 2928 1290 2976 con-

194 3017 321 3106 scripti
341 3019 510 3084 Musarum
531 3018 619 3098 albo,
641 3018 879 3086 adolescentem
900 3018 1003 3084 istum
1024 3017 1112 3106 quod
1134 3017 1290 3084 manibus

208 3123 290 3190 meis
304 3123 496 3192 alumnatus
510 3126 573 3192 sim
586 3125 728 3214 prolecto
742 3124 831 3192 scitis
850 3143 985 3193 omnes:
1001 3125 1097 3212 cujus
1111 3125 1224 3212 prima
1234 3126 1292 3213 ju-

210 3231 355 3298 ventutis
369 3231 529 3300 caloratos
542 3233 687 3320 impetus
707 3233 800 3301 freno
815 3232 959 3321 quodam
974 3231 1168 3300 coercendos
1181 3233 1292 3298 existi-

208 3338 309 3406 mari.
327 3339 384 3406 Sat
396 3349 444 3408 est
456 3340 657 3430 quotidianis
671 3361 751 3408 eum
765 3339 887 3408 fabulis
903 3338 945 3406 ob
965 3339 1128 3408 adulteria
1140 3349 1293 3406 cunctas-

209 3463 275 3532 que
288 3445 491 3533 corruptelas
513 3444 723 3513 infamatum.
740 3445 899 3515 Tollenda
913 3456 962 3512 est
978 3446 1086 3512 omnis
1106 3445 1243 3530 occasio,
1259 3456 1290 3512 et

208 3537 344 3618 luxuria
372 3552 510 3640 puerilis
544 3550 751 3641 nuptialibus
777 3553 900 3642 pedicis
927 3551 1109 3638 religanda.
1140 3551 1290 3620 Puellam
1356 3567 1365 3583 ‘

209 3658 309 3746 elegit
327 3683 334 3724 ε
350 3669 470 3745 teneat,
488 3660 664 3749 possideat,
680 3681 808 3749 semper
821 3659 891 3726 suis
904 3657 1072 3728 amoribus
1085 3659 1286 3748 perfruatur.

209 3766 250 3832 Et
263 3765 471 3834 adVenerem
485 3767 603 3836 collata
616 3767 697 3834 facie
710 3789 718 3834 :
730 3769 794 3834 Nec
806 3776 856 3852 tu,
873 3766 994 3854 inquit,
1010 3766 1090 3850 lilia,
1107 3765 1290 3856 quidquam

210 3873 421 3966 contristare}
436 3895 496 3944 nec
510 3876 669 3965 prosapiae
681 3885 780 3943 tantae
793 3885 870 3963 tuae,
886 3874 1053 3964 statuique
1069 3875 1107 3942 de
1121 3875 1292 3944 matrimo-

138 4179 141 4186 .
206 4173 212 4182 ,
249 4117 258 4151 ¹
277 4118 352 4171 Tom.
367 4119 388 4184 1,
403 4134 430 4183 p.
447 4119 509 4173 tto.
