2942 4722
557 203 810 272 .-2,-
909 195 957 258 s.

190 332 344 414 Honesta,
370 330 496 420 inquit,
524 329 609 418 haec,
634 340 666 397 et
689 328 857 398 natalibus
877 330 997 398 nostris
1014 331 1180 422 ¹bonaque
1204 342 1269 400 tuae

185 439 280 525 frugi
295 439 533 526 congruentia?
552 440 592 504 Ut
615 437 762 527 primum
782 436 916 525 quidem
934 447 1003 509 tuae
1025 439 1183 526 parentis,
1201 425 1270 507 imo
1302 511 1305 518 ,

189 547 330 615 domium
344 557 505 636 precepta
519 547 673 620 calcares,
689 567 749 614 nec
763 545 904 613 sordidis
918 547 1088 615 amoribus
1099 547 1268 616 inimicam

189 675 296 722 meam
311 653 517 742 pollueres...
532 654 595 721 Sed
605 653 719 742 utique
736 649 920 743 praesumis,
937 674 1041 742 nugo,
1056 664 1089 722 et
1099 663 1271 743 corruptor

187 763 221 830 'et
235 762 437 852 inamabilis,
452 773 483 830 te
498 763 605 830 solum
621 783 831 851 generosum,
848 784 908 830 nec
922 784 974 830 me
985 764 1055 852 jam
1072 784 1131 853 per
1143 774 1270 832 aetatem

191 890 285 959 posse
299 871 480 960 concipere.
496 871 603 938 Velim
621 891 700 959 ergo
715 871 798 938 scias
814 871 920 938 multo
936 880 965 938 te
982 871 1149 938 meliorem
1163 871 1271 937 filium

190 976 295 1044 alium
311 979 520 1066 genituram,
535 979 602 1045 imo
622 988 660 1045 nt
677 978 909 1046 contumeliam
925 979 1033 1066 magis
1056 979 1192 1065 sentias,
1210 978 1273 1045 ali-

189 1081 291 1173 'quem
320 1085 359 1153 de
384 1087 465 1154 meis
494 1086 723 1175 adoptaturam
751 1086 918 1169 vernulis,
951 1087 1046 1176 eique
1075 1087 1272 1155 donaturam

190 1187 270 1259 istas
283 1193 415 1281 pinuae,
431 1204 463 1260 et
476 1193 639 1277 flammas,
654 1204 686 1260 et
703 1199 830 1278 arcum,
847 1205 878 1259 et
890 1193 969 1260 istas
985 1193 1134 1281 sagittas,
1150 1205 1181 1260 et
1195 1214 1273 1260 orn-

193 1318 270 1366 nem
285 1320 391 1367 meam
409 1300 661 1390 supellectilem,
678 1320 778 1390 quam
791 1299 854 1368 tibi
868 1305 934 1367 no'n
949 1301 989 1367 ad
1004 1301 1064 1368 hos
1080 1322 1160 1369 usus
1175 1300 1274 1368 dede-

191 1425 307 1472 ram...
325 1405 407 1473 Male
427 1409 534 1496 prima
555 1406 697 1496 pueritia
714 1406 873 1474 inductus
894 1427 945 1490 es,
969 1417 1000 1476 et
1021 1418 1133 1475 acutas
1154 1427 1274 1475 manns

193 1511 294 1579 habes
313 1522 345 1578 et
365 1515 505 1602 majores
524 1523 599 1581 tuos
614 1515 831 1582 irreverenter
854 1514 989 1602 pulsasti
1014 1515 1196 1583 toties...»
1222 1514 1274 1580 Sic

193 1619 301 1704 effata,
316 1621 403 1688 foras
416 1643 484 1688 sese
499 1622 639 1711 proripit
657 1621 787 1707 infesta,
804 1632 836 1688 et
851 1621 1054 1688 stomachata
1068 1621 1152 1688 biles
1164 1623 1274 1689 Vene-

196 1746 309 1794 reas.»

240 1835 424 1902 Occurrunt
447 1837 478 1902 ei
503 1837 596 1902 Ceres
610 1846 642 1901 et
664 1835 768 1920 luno,
790 1831 910 1923 quibus
925 1834 1043 1901 domus
1067 1855 1134 1902 suae
1158 1855 1277 1923 oppro-

196 1940 308 2008 brium
323 1953 447 2009 narrat.
464 1945 506 2009 At
522 1942 599 2024 illae,
615 1940 864 2010 bonaelemiuae¹
885 1963 893 2007 ι
912 1941 1028 2021 «Quod
1041 1941 1096 2008 isti
1110 1941 1233 2008 crimen
1249 1941 1278 2010 si

195 2047 314 2136 puellae
340 2049 458 2139 lepidae
480 2049 621 2117 libenter
643 2049 775 2116 arrisit?
794 2051 843 2115 An
864 2048 997 2136 ignoras
1021 2068 1099 2114 aum
1120 2048 1277 2135 juvenem

196 2175 323 2223 esse...
346 2159 397 2223 dn
416 2157 506 2246 quod
527 2168 655 2224 aetatem
675 2164 783 2244 portat
800 2155 938 2240 bellule,
960 2175 1044 2242 puer
1069 2153 1130 2220 tibi
1152 2173 1280 2244 semper

197 2262 350 2330 videtur?
371 2289 387 2328 »
416 2265 527 2352 Neque
551 2262 741 2331 mirandum
766 2272 813 2329 est
838 2261 866 2328 si
887 2259 1089 2328 venerabiles
1110 2261 1177 2328 illm
1197 2262 1280 2331 divae

199 2369 330 2462 Olympi
347 2381 516 2455 matronae,
535 2355 668 2460 juvenis
689 2389 823 2437 causam
836 2377 958 2455 agant:
977 2389 993 2428 «
1007 2367 1189 2454 patrocinio
1203 2389 1279 2456 gra·

202 2477 285 2543 tioso
300 2476 455 2566 Cupidini
469 2477 597 2544 absenti
612 2475 844 2544 blandiuntur.
860 2501 877 2538 o

245 2583 338 2648 Tunc
354 2584 465 2650 Venus
485 2584 638 2649 Mercurii
654 2582 876 2650 ministerium
894 2585 1037 2668 invocat,
1055 2594 1086 2652 et
1101 2581 1170 2667 ille,
1187 2600 1282 2646 man-

202 2689 279 2756 data
293 2689 561 2779 deaeeasequens,
576 2689 646 2757 haec
660 2709 719 2778 per
733 2707 846 2756 omnes
859 2689 1000 2777 populos
1011 2689 1181 2780 praedicat²
1199 2711 1206 2752 :
1222 2685 1283 2752 «Si

205 2796 280 2886 quis
303 2818 322 2863 a
342 2796 424 2884 fuga
445 2795 628 2881 retrabere,
651 2795 703 2862 rel
730 2794 894 2862 occultam
913 2793 1138 2864 demonstrare
1162 2795 1283 2884 poterit

203 2897 380 2992 fugitivam
402 2905 488 2990 regis
500 2903 616 2984 filiam,
631 2904 763 2970 Veneris
780 2902 947 2974 ancillam,
969 2903 1102 2970 nomine
1121 2899 1280 2990 Psychen,

205 3011 378 3077 conveniat
402 3021 489 3076 retro
511 3020 614 3076 metas
635 3009 770 3074 martias
791 3007 992 3073 Mercurium
1016 3007 1282 3096 predicatorem,

206 3125 399 3204 accepturus
420 3115 573 3182 iudiciuae
591 3116 735 3181 momine
756 3113 797 3180 ab
818 3113 890 3202 ipso
903 3115 1026 3181 Venere
1046 3123 1170 3203 septam
1194 3111 1284 3178 savia

207 3223 370 3289 suavia.»
393 3223 495 3310 Cujus
517 3223 650 3312 quidem
673 3220 797 3311 praemii
813 3219 932 3308 cupido
961 3221 1110 3288 certatim
1133 3220 1284 3288 omnium

208 3328 400 3398 mortalium
415 3330 565 3397 studium
580 3338 757 3396 arrexerat.

252 3436 398 3526 Psychen
419 3436 551 3504 tandem
568 3435 675 3503 tenet³
693 3458 701 3502 :
721 3461 737 3499 c
752 3437 856 3524 Caput
875 3433 1026 3524 quatiens
1042 3444 1080 3524 et
1095 3433 1286 3522 adscalpens

208 3565 323 3612 aurem
342 3545 508 3612 dexteram
532 3566 541 3610 t
562 3543 707 3611 Tandem
723 3543 859 3630 dignata
878 3561 912 3608 cs
935 3561 1067 3608 socrum
1083 3551 1174 3609 tuam
1198 3541 1288 3608 salu·

211 3661 279 3720 tare
290 3656 342 3720 l...
357 3654 436 3719 Ecce
447 3650 542 3718 nobis
554 3661 710 3740 concepto
722 3659 819 3740 partu
831 3659 1016 3717 commovet
1029 3649 1289 3733 miserationem3

210 3760 299 3827 unde
314 3779 366 3826 me
377 3759 532 3848 praeclara
546 3757 656 3826 sobole
671 3757 779 3824 ariam
794 3754 925 3823 beatam
940 3756 1063 3823 scilicet
1076 3755 1186 3823 faciat.
1199 3755 1289 3823 Felix

214 3883 292 3932 vero
303 3885 376 3951 ago,
392 3885 466 3954 quae
479 3866 513 3932 in
527 3864 597 3953 ipso
610 3863 713 3932 aetatis
727 3883 808 3931 meac
818 3859 898 3930 llore
912 3860 1052 3931 vocabor
1065 3863 1137 3931 avia
1146 3857 1203 3948 fet
1215 3861 1290 3931 vilis

250 4114 258 4146 ¹
278 4115 352 4164 Tora.
368 4113 389 4176 l,
401 4127 426 4177 p.
439 4112 500 4164 580.
515 4107 639 4174 -¹rd.,
650 4124 675 4172 p.
690 4109 752 4160 594.
764 4135 799 4148 -
811 4105 823 4142 ⁸
834 4105 929 4173 Id.,p.
940 4109 1002 4161 597.
