2942 4722
621 185 802 254 ..aa-

169 317 318 376 crateras
332 306 470 374 Athenis
481 306 553 375 hihi
565 330 574 375 :
584 310 717 397 poeticae
727 311 951 397 commixtam,
963 311 1170 400 geometriam
1184 312 1262 382 lim-

175 414 1262 507 pidem,musicaedulcem,dialecticaeausterulam,enimverouni·

176 541 277 589 versae
296 519 522 611 philosophiae,
540 522 774 614 inexplebilem
797 525 935 612 scilicet,
953 538 1150 594 nectaream.
1168 527 1263 594 Canit

167 629 265 698 enim
286 631 497 719 Empedocles
520 631 679 717 caratiae,
696 633 789 700 Plato
811 633 974 721 dialogoS,
998 635 1146 702 Socrates
1166 634 1264 724 hym-

168 757 250 815 nos,
273 736 644 833 Epicharmuslmodos,
669 739 852 828 Xenophon
875 740 1041 821 historias,
1066 744 1263 810 Xenocrates

169 844 292 912 ¹tiatiras
304 866 313 910 ε
327 846 487 931 Apuleius
498 857 599 912 vester
612 846 678 910 ltoec
687 851 838 914 omniu...
850 873 867 911 a
884 850 930 915 Eo
944 847 1159 937 impudentiae
1172 849 1263 916 venit

178 961 216 1019 ut
236 962 414 1020 asservaret
434 974 467 1020 sc
487 975 526 1022 cx
545 962 692 1042 tempore
708 953 815 1022 dicere
831 965 903 1022 tum
917 974 1019 1043 quam
1036 954 1262 1022 maximeom-

173 1062 273 1130 nium
290 1063 449 1132 meditata
463 1065 571 1132 utitur
586 1065 773 1150 oratione¹3
796 1077 833 1158 ut
850 1087 884 1133 se
903 1066 1102 1156 Epimenidi,
1121 1066 1261 1156 Orpheo,

178 1169 384 1258 Pythagorae,
405 1171 606 1260 Empedocli,
623 1171 762 1257 Socrati,
779 1173 909 1241 Platoni
926 1199 941 1236 c
953 1173 1133 1263 ceterisque
1150 1193 1263 1243 rerum

169 1284 306 1342 -naturae
322 1260 488 1365 patronis²
504 1304 519 1338 n
535 1279 672 1346 associet
680 1301 691 1363 3
708 1289 746 1346 ut
761 1279 937 1346 ridiculam
950 1279 1048 1360 hanc,
1064 1300 1164 1368 quam
1180 1281 1262 1368 agit,

179 1401 403 1451 causamcum
424 1373 647 1452 celeberrimis
668 1385 735 1453 illis
757 1387 904 1475 antiquis
919 1386 1090 1466 Carbonis
1105 1386 1263 1473 Norbani,

176 1489 319 1577 Aquilii,
337 1491 459 1558 Metelli
482 1502 614 1559 tantum
631 1513 698 1560 non
720 1492 866 1561 conferre
885 1492 1041 1578 audeat³3
1065 1504 1103 1561 ut
1120 1493 1265 1583 denique

177 1597 317 1665 cuilibet
331 1599 378 1665 rei
391 1599 593 1688 preconium
614 1619 715 1666 suum
735 1599 931 1686 immisceat,
949 1609 981 1667 et
1000 1600 1092 1667 omni
1113 1600 1263 1686 materia,
1292 1673 1294 1676 ,

180 1714 339 1793 tanquam
353 1709 533 1792 occasione,
550 1706 703 1792 abutens,
716 1707 832 1776 leudes
843 1709 912 1796 ipse
923 1728 1000 1776 suas
1014 1709 1055 1776 ad
1067 1708 1263 1794 satietatem,

178 1813 278 1902 plena
294 1833 384 1898 voce,
400 1834 528 1904 semper
542 1826 574 1882 et
589 1813 727 1903 ubique,
746 1814 875 1882 canet⁴.

224 1921 344 1992 Deinde
361 1921 465 2011 (quod
481 1921 618 1990 forsitan
635 1921 742 2008 magis
757 1921 857 1989 etiam
871 1941 971 2009 quam
982 1921 1141 2012 jactantia
1156 1921 1266 1990 rheto-

178 2027 288 2095 ricum
311 2028 372 2116 est)
395 2028 537 2095 maxima
558 2029 709 2096 omnium
733 2029 785 2094 illi
805 2049 885 2113 cura
906 2042 972 2110 est,
995 2028 1063 2096 imo
1085 2026 1203 2113 unica,
1229 2039 1267 2097 ut

180 2132 337 2222 percellat
361 2135 511 2220 animos,
535 2134 682 2221 fulgeat,
704 2134 874 2224 splendeat
882 2157 893 2219 ;
921 2135 949 2202 si
973 2134 1094 2225 possit,
1112 2146 1198 2202 recte
1205 2157 1216 2219 ;
1239 2137 1268 2204 si

177 2255 262 2324 non,
274 2261 484 2328 quocumque
498 2241 608 2308 modo.
621 2242 734 2308 Omnis
746 2242 779 2308 in
794 2241 857 2309 hoc
872 2251 932 2308 est.
948 2225 1118 2308 lut'crdum
1133 2239 1268 2329 quidem

181 2347 376 2437 simpliciter
390 2347 551 2436 loquitur,
569 2357 600 2415 et
612 2368 690 2416 vera
704 2349 913 2437 eloquentia:
928 2348 973 2416 sic
988 2358 1092 2416 curet
1104 2345 1269 2436 quomodo

179 2453 373 2522 Pudentilla
401 2455 524 2521 iterum
543 2441 678 2522 'nubere
700 2455 855 2541 voluerit,
879 2453 1057 2538 enarrat⁵3
1092 2452 1138 2520 sic
1169 2453 1268 2521 etiam
1325 2515 1329 2518 .

182 2558 335 2648 qnaedam
358 2560 480 2649 passim
494 2561 529 2626 in
543 2560 716 2648 Apologia,
733 2563 946 2654 reram-ejus
963 2562 996 2628 in
1014 2559 1182 2644 nubendo,
1199 2580 1270 2626 mo·

179 2664 324 2734 ,destiem
339 2667 469 2747 testari,
486 2687 613 2734 necnon
635 2667 773 2757 aliquot,
790 2668 827 2734 in
842 2667 995 2750 FloridiS,
1013 2665 1270 2735 narratiunculoe

182 2772 312 2862 aliquid
342 2773 382 2840 de
403 2772 706 2862 Metamorphoseou
735 2773 904 2864 leporibus
931 2774 1067 2842 reddere
1100 2774 1268 2842 videntur.

175 2881 257 2948 ¹Non
279 2881 462 2969 injucunde
493 2890 606 2948 narrat
633 2890 739 2970 poetae
769 2881 971 2950 Philemonis
1000 2879 1183 2964 mortem⁶,
1213 2888 1272 2947 aut

186 2986 389 3075 Asclepiadis
419 2988 539 3056 medici
571 2987 770 3076 peritiaml,
795 3000 853 3057 aut
885 2987 996 3077 vulpis
1024 3007 1103 3075 erga
1135 3005 1272 3054 corvum

180 3091 324 3160 dolos⁸r
341 3113 544 3183 quemquem
564 3105 631 3162 nou
652 3115 774 3183 paucas
796 3094 960 3164 rhetorica
983 3095 1131 3162 maculas
1153 3092 1220 3162 huc
1241 3102 1273 3160 et

188 3197 270 3268 illuc
291 3199 456 3288 inspersit.
482 3201 554 3268 Non
570 3201 702 3268 ,minore
725 3201 969 3291 curallathylli
987 3199 1152 3270 statuam⁹
1172 3221 1273 3290 quem

189 3305 364 3395 Byrrhenae
385 3305 524 3375 domum
545 3307 700 3377 describit
721 3319 755 3376 ct
775 3309 916 3378 volantis
939 3308 1089 3400 aquilae¹⁰
1111 3309 1274 3398 picturam

189 3414 320 3484 exhibet
336 3433 437 3503 quam
452 3435 528 3482 vere
542 3415 748 3484 luculentam
763 3417 902 3485 dixerim
922 3427 954 3484 et
976 3416 1193 3486 admiratione
1203 3434 1274 3482 ,uon

190 3509 378 3609 indiguam.
399 3522 521 3590 Verum
544 3521 611 3590 heo
628 3532 726 3612 atque
743 3523 833 3609 talio,
850 3525 909 3591 etsi
932 3523 1031 3611 longe
1045 3543 1064 3590 a
1078 3521 1274 3611 perfectione

190 3627 313 3710 absint,
326 3649 428 3719 quam
448 3650 523 3696 rara
545 3629 839 3718 deprehenduntur
860 3641 893 3697 et
914 3631 1001 3698 iuter
1015 3640 1097 3719 quot
1111 3628 1273 3705 affectate,

193 3734 349 3823 ridicula,
374 3735 533 3827 puerilial
551 3735 636 3816 Quid
658 3737 765 3824 magis
789 3737 970 3806 ridiculum
989 3758 1091 3828 quam
1114 3735 1183 3805 haec
1203 3752 1276 3823 que

231 3921 239 3955 ¹
259 3922 316 3982 aa,
336 3923 426 3974 xxrn.
448 3923 508 3961 -r
527 3925 614 3989 apoc,
632 3898 695 3976 tas.
715 3922 935 3986 -⁸1c.,cae.
957 3950 991 3962 -
1013 3919 1023 3954 ⁸
1046 3917 1100 3984 tn,
1121 3913 1295 3986 passima

195 4004 208 4039 ⁸
223 4008 316 4072 apol„
330 4009 394 4059 era.
411 4034 445 4046 -
462 4007 753 4072 ⁶rr.,iv1.--⁷ra.,
770 4009 837 4061 xix.
848 4008 907 4048 -r
921 4009 1075 4071 ramira.
1086 4033 1122 4047 -
1137 4002 1276 4070 ⁸1c.‚xv.

195 4118 232 4133 -
247 4091 269 4126 ¹⁰
285 4094 340 4154 na,
356 4093 389 4144 u.
