2942 4722
633 243 807 311 ...33-

182 398 199 435 a
213 379 252 452 ut
268 387 388 436 novam
400 365 614 454 religionem,
630 366 844 436 christianam
860 369 1023 458 videlicet,
1039 377 1169 444 occulta
1184 377 1264 448 doe·

180 479 266 548 trina
292 476 518 564 impugnaret,
541 482 574 540 et
595 473 764 544 labantem
788 478 1022 566 mysteriorum
1045 481 1143 550 fidem
1170 487 1263 554 resti-

180 593 284 654 tueret
295 605 307 668 3
331 603 438 672 neque
467 587 619 650 tantum¹
652 592 689 652 ut
717 583 871 673 explicito
889 585 1064 672 magnifico
1085 591 1262 675 gentilium

179 690 444 762 cerimoniarum
468 699 643 778 apparatu,
667 688 763 778 vulgi
789 692 903 760 oculos
923 693 1124 780 percelleret,
1141 697 1200 764 sed
1226 708 1264 766 ut

179 800 352 870 doctorum
367 796 467 864 etiam
480 795 609 864 animos
623 797 694 885 ipsa
712 798 947 886 mysteriorum
962 801 1179 890 descriptione
1194 823 1269 874 mc·

179 918 270 978 vetet
280 917 311 976 et
323 906 482 974 alliceret.
494 930 510 968 a
522 907 593 985 Quo
606 904 742 994 quidem
756 907 925 996 proposito
939 908 1021 976 nihil
1041 913 1193 997 gravius3
1211 935 1267 982 ve-

179 1038 256 1088 rum
271 1015 354 1084 mihi
376 1035 429 1082 res
452 1013 661 1102 usqueadeo
682 1014 718 1081 in
741 1013 843 1082 dubio
865 1016 989 1082 versari
1011 1017 1155 1104 videtur,
1179 1021 1267 1087 utin

179 1107 376 1196 contrariam
393 1123 583 1213 opinionem
602 1120 740 1190 inclinet
764 1123 896 1192 animus
920 1135 952 1192 et
975 1125 1157 1214 Apuleium
1180 1131 1270 1196 aesti-
1300 1157 1305 1170 =

180 1253 269 1300 mem
286 1231 368 1298 nihil
383 1229 476 1298 aliud
491 1250 530 1296 ex
551 1229 604 1296 his
619 1230 786 1318 mysteriis
801 1230 867 1297 nisi
880 1251 1005 1298 novum
1021 1243 1052 1298 et
1067 1233 1274 1323 inexspecta-

181 1350 254 1410 tum
265 1338 453 1408 ornamenti
462 1358 570 1425 genus
580 1335 666 1404 libro
679 1357 740 1405 suo
751 1338 951 1427 quaesivisse.
966 1341 1037 1407 Non
1048 1339 1169 1427 ignoro
1178 1349 1272 1432 equi·

182 1447 257 1516 dem
271 1446 454 1536 Apuleium
468 1444 666 1514 christianos
681 1471 697 1507 s
722 1465 831 1512 osores
851 1443 926 1513 illos
947 1446 1077 1532 generis
1094 1446 1235 1516 humani
1251 1475 1267 1510 a

146 1551 151 1562 '
182 1574 291 1640 osum,
309 1564 409 1643 atque
429 1551 472 1619 ab
488 1551 529 1619 iis
544 1551 815 1619 inimicissimum
832 1550 987 1619 habitum
997 1552 1110 1620 fuisse.
1128 1555 1190 1622 Sed
1204 1575 1270 1622 non

182 1660 304 1730 idcirco
319 1658 516 1728 crediderim
533 1656 630 1724 illum
648 1657 707 1725 tali
721 1655 808 1725 libro
821 1657 1006 1747 quidquam
1019 1669 1078 1728 aut
1091 1681 1275 1748 argumen-

184 1777 289 1835 tatum
308 1787 377 1834 esse
397 1775 455 1834 aut
475 1765 706 1852 argumentari
719 1763 876 1832 voluisse.
892 1767 1096 1834 Narrationis
1109 1769 1241 1837 exordio
1260 1792 1269 1837 :

186 1902 200 1938 o
219 1874 366 1958 Intende,
393 1873 453 1958 ait,
475 1869 589 1957 lector,
603 1869 811 1951 lataberis²;
840 1898 855 1933 u
873 1892 940 1938 non
963 1883 1076 1940 autem
1097 1901 1113 1937 s
1137 1875 1288 1944 docebo-¹

184 1981 241 2050 ria.
260 2008 275 2044 s
303 1982 374 2048 Non
400 1988 501 2048 staret
526 1979 697 2068 promissis
714 1978 743 2044 si
761 1973 842 2066 quid
861 1977 1051 2067 preciperet
1062 1977 1086 2045 ³.
1104 1981 1269 2069 Ceterum,

132 2113 138 2131 ¹·
184 2099 222 2157 ut
233 2088 271 2156 de
281 2083 545 2176 Psycheslahula
560 2073 808 2169 diximussatis
818 2104 984 2173 superque
994 2085 1274 2176 effecithpnleius

185 2206 223 2266 ut
235 2195 320 2262 nihil
333 2193 375 2262 ah
389 2214 428 2260 eo
443 2193 568 2260 serium
584 2192 843 2281 requireremus.

228 2306 296 2373 Hoc
310 2301 451 2368 manime
466 2299 667 2388 conspicuus
685 2297 771 2366 liber
790 2298 847 2366 ille
862 2297 945 2365 mihi
963 2298 1096 2367 videtur
1109 2301 1199 2389 quod
1214 2324 1282 2372 uo·-

182 2409 235 2478 his
250 2409 355 2499 aperit
370 2427 436 2475 non
448 2417 614 2495 quantum
630 2404 794 2494 Apuleius
808 2425 888 2492 erga
902 2405 1020 2472 laidem
1035 2417 1093 2473 aut
1105 2409 1271 2498 Proserpi-

185 2537 264 2586 nam
279 2534 430 2588 reverens
451 2513 566 2596 fuerit,
590 2512 648 2580 sed
669 2520 751 2601 quot
771 2523 804 2579 et
820 2521 947 2601 quanta
960 2513 1031 2599 jam
1046 2524 1118 2581 tum
1132 2514 1273 2584 ethnicis

185 2622 351 2712 mysteriis
362 2631 394 2688 et
410 2618 656 2687 christianismo
676 2617 868 2686 communia
881 2629 988 2685 essent
1006 2644 1013 2684 :
1034 2621 1115 2687 adeo
1129 2621 1272 2706 gliscens

186 2750 271 2799 nova
286 2729 404 2816 religio
418 2747 487 2795 sese
499 2728 571 2815 jam
584 2725 726 2816 putrida
739 2737 889 2793 veterum
904 2727 1178 2815 superstitionum
1191 2730 1270 2798 moli

186 2838 380 2908 miscuerat!
398 2837 508 2924 Opera
521 2835 668 2924 pretium
683 2835 745 2900 erit
760 2832 887 2922 aliquot
902 2827 1052 2921 exempla
1066 2834 1224 2922 proferre.

231 2947 279 3016 De
298 2944 451 3036 precibus
465 2943 559 3011 Lucii
577 2942 706 3010 adeam
721 2962 823 3030 quam
838 2952 1038 3009 summatem
1052 2945 1149 3010 Deam
1165 2945 1270 3033 vocat,

188 3056 228 3124 de
241 3053 452 3144 responsione
472 3051 559 3118 llivae
572 3051 661 3139 (qua
681 3059 713 3116 et
736 3047 852 3116 sedula
874 3047 1045 3136 obsequia,
1062 3060 1094 3117 et
1117 3053 1272 3140 religiosa

188 3161 371 3231 ministeria
386 3171 418 3228 et
440 3170 563 3226 tenaces
585 3157 789 3222 castimoniae
803 3155 855 3222 illi
879 3156 1037 3245 precipit)
1060 3158 1216 3248 reticebo,
1235 3173 1272 3232 ut

189 3272 230 3342 ad
243 3268 420 3340 sacerdotis
434 3267 617 3336 orationem
631 3265 789 3334 continuo
804 3263 971 3332 venian1⁴.

237 3409 254 3446 o
274 3429 343 3448 .....
360 3375 509 3444 Maximis
519 3383 615 3440 actus
627 3370 794 3461 procellis,
810 3371 995 3456 aripertum
1009 3374 1126 3458 quietis
1140 3383 1171 3438 et
1183 3399 1274 3442 aram

189 3484 430 3569 misericordie,
444 3481 590 3563 tandem,
611 3478 705 3563 Luci,
723 3477 855 3544 venisti.
876 3478 942 3561 Nec
954 3475 1017 3544 tihi
1031 3479 1167 3567 natales,
1182 3503 1219 3550 ac
1233 3504 1275 3554 ne

190 3594 334 3684 dignitas
348 3589 496 3681 quidem,
511 3587 563 3654 vel
578 3587 662 3675 ipsa,
677 3605 744 3674 qua
756 3583 867 3670 florae,
883 3605 1024 3672 usquam
1037 3585 1187 3655 doctrina
1201 3611 1277 3679 pro

190 3704 255 3776 luit
273 3701 356 3770 :sed
374 3697 503 3767 lubrico
516 3695 655 3763 virentis
672 3694 815 3762 aetatulae
829 3693 872 3761 ad
888 3694 1022 3762 serviles
1045 3694 1200 3785 delapsus
1217 3719 1275 3766 vo-

229 3900 237 3935 r
261 3895 448 3962 Charpentier,
463 3894 495 3946 de
509 3896 625 3958 Mystico
640 3892 745 3957 apuleii
755 3890 890 3948 doctrino,
900 3887 944 3941 22,
955 3917 991 3930 ..
1004 3890 1015 3923 s
1028 3892 1103 3946 pom·
1116 3895 1137 3956 p,
1154 3910 1179 3962 p·
1199 3900 1242 3950 n·

228 3983 239 4019 ⁸
258 3985 325 4036 Cum
340 3979 498 4033 Rebelaslus
512 3985 602 4030 noster
618 3975 719 4041 aliquid
736 3975 797 4027 serii
816 3974 973 4038 meditatur,
990 3976 1278 4043 idclarIssime,010y.

193 4063 551 4136 diolihrlsul,prolltetur.
959 4072 961 4075 -
1013 4069 1022 4080 1-

230 4147 591 4216 ‘Tom.l,p.782etsqq.
658 4199 661 4207 Δ

1120 4239 1137 4288 5
