2942 4722
159 381 292 440 coactus
304 369 510 440 'amatoribus
524 370 629 438 oculis
638 391 826 458 occurrens,
843 371 885 439 ad
900 371 1005 440 instar
1017 377 1155 464 speculi,
1169 381 1243 450 red·

160 479 209 548 dit
234 479 416 568 imaginem
452 479 652 568 gratioreml
680 478 786 558 Quid?
812 499 918 568 quum
936 479 1101 570 frequenti
1130 486 1242 556 sobole

161 589 287 678 spissus
301 587 452 655 cumulat
466 587 635 672 verticem,
649 587 701 654 vel
717 586 843 675 prolixe
861 587 944 656 serie
959 602 1129 677 porrectus
1146 594 1242 663 dorsa

162 700 356 787 permanat?
380 699 484 764 Tanta
511 694 655 784 denique
681 705 730 762 est
756 694 981 783 capillamenti
1007 697 1164 788 dignitas
1190 712 1241 786 ut,

163 803 316 892 quamvis
329 821 424 882 auro,
441 811 540 887 veste,
554 799 707 886 gemmis,
726 802 882 890 omnique
893 811 1000 870 cetero
1012 806 1138 874 mundo
1152 829 1246 897 exor-

163 920 242 977 nata
253 907 525 992 mulierincadat,
539 917 661 994 tamen,
676 907 740 975 nisi
751 908 909 996 capillum
920 908 1118 996 distinxerit,
1130 927 1246 985 ornata

163 1037 231 1086 non
247 1016 348 1106 possit
362 1015 476 1084 audire
488 1019 510 1083 ¹.
526 1041 542 1078 r
1014 1065 1017 1070 .
1046 1011 1048 1017 ’

208 1127 283 1192 Haeo
297 1122 545 1213 philosophical
562 1123 693 1210 Pigeret
714 1121 848 1210 quidem
872 1125 1090 1211 cognominis,
1106 1127 1162 1196 sed
1185 1129 1247 1197 sub

166 1253 233 1323 quo
247 1231 313 1298 alio
326 1229 432 1319 capite
447 1228 619 1319 ponenda‘l
634 1232 716 1298 llere
729 1239 808 1296 sunt
824 1240 923 1315 certe,
940 1241 971 1298 et
992 1233 1070 1300 satis
1082 1234 1250 1305 subtiliter

165 1338 372 1426 fideliterque
396 1353 560 1426 expressa.
589 1338 666 1418 Quae
690 1336 725 1434 in
747 1336 807 1403 tali
824 1336 911 1404 libro
933 1358 1010 1404 vera
1032 1350 1129 1428 sunt,
1150 1344 1250 1411 etiam

167 1444 318 1528 minima,
334 1444 478 1512 tollenda
492 1444 706 1527 aestimamus,
730 1443 809 1532 quia
831 1463 898 1510 non
913 1445 1030 1512 nmlta.
1047 1449 1120 1516 Haec
1138 1460 1250 1518 autem

167 1547 362 1620 hominibus
378 1549 623 1636 elegantiarum
645 1568 864 1638 amorumque
888 1548 1083 1634 doctissimis
1098 1567 1253 1643 pergrata

168 1681 237 1729 esse
257 1660 459 1744 debuerunt,
473 1670 505 1726 et
519 1657 701 1747 Apuleium
720 1655 811 1726 haud
823 1657 984 1747 imparem
997 1661 1173 1729 Amatoria
1190 1666 1254 1732 arti

167 1765 349 1836 scribendae
365 1775 528 1834 testantur
542 1765 714 1832 exstitisse.

213 1874 289 1942 Aba
299 1873 397 1940 illum
411 1873 447 1938 in
458 1891 568 1939 amore
578 1870 766 1960 effingendo
779 1872 858 1939 satis
871 1871 987 1940 callere
998 1875 1142 1963 potuisse
1154 1877 1256 1965 signi·
1303 1949 1306 1955 ,

168 1983 280 2052 licant.
298 1981 351 2047 Sic
366 1979 513 2070 Psychen
527 1978 678 2067 depingit
697 1979 890 2065 «jamtum,
907 1989 945 2046 ut
959 1979 1028 2067 ipse
1043 1981 1101 2066 ait,
1117 1983 1256 2052 facinori

169 2111 230 2159 suo
257 2107 377 2156 manus
402 2083 652 2154 admoventem²
661 2107 672 2168 3
687 2109 702 2146 r>
729 2110 744 2146 o
759 2083 867 2152 adhuc
881 2085 1006 2153 incerta
1026 2088 1156 2158 consilii
1171 2091 1256 2179 titu7

168 2198 240 2277 bat,
261 2195 442 2282 multisque
462 2192 657 2260 calamitatis
671 2213 740 2260 suae
754 2191 949 2261 distrahitur
962 2195 1153 2283 affectibus3
1166 2199 1258 2266 festi·

156 2314 241 2392 nat,
259 2303 367 2372 differt
376 2323 387 2385 3
401 2300 513 2384 audet,
528 2297 669 2387 trepidat
678 2321 689 2384 3
710 2299 843 2379 diffidit,
859 2299 1029 2386 irascitur3
1046 2313 1088 2389 et,
1106 2306 1194 2393 quod
1209 2285 1271 2374 est

174 2407 345 2493 ultimum,
362 2408 398 2474 in
414 2406 528 2474 eodem
544 2426 678 2494 corpore
693 2405 762 2473 odit
775 2417 960 2494 serpentem
978 2407 1130 2496 bestiam,
1146 2411 1257 2496 diligit

171 2511 1257 2606 maritum.»Nae,illeintimum,utitadicam,effectushujusha·

172 2624 283 2694 bitum
298 2621 547 2708 introspexerat,
567 2618 627 2707 qui
641 2628 710 2685 tam
726 2607 921 2706 diligentem
937 2621 1133 2712 fidelemque
1152 2628 1259 2715 pictu-

173 2748 245 2796 ram
261 2723 376 2809 animi,
393 2743 459 2812 quo
479 2720 533 2788 bic
553 2721 688 2790 affectus
703 2723 827 2811 potitus
843 2736 925 2808 eret,
945 2724 1100 2811 effingere
1121 2727 1255 2796 valeret.

175 2833 238 2903 Sed
251 2832 341 2923 quod
352 2829 457 2898 multo
468 2829 575 2916 magis
585 2827 663 2896 huic
675 2829 824 2918 exemplo
836 2831 1136 2918 praestat,efabella
1145 2854 1260 2904 socrus

173 2941 369 3035 privignum
378 2936 520 3004 amantis
534 2945 706 3023 exceptum
721 2928 880 3024 accipite:¹
899 2961 916 3000 α
929 2937 1128 3026 Mulierilla3
1142 2963 1257 3030 quam-

174 3049 235 3117 diu
251 3046 368 3137 primis
386 3041 556 3112 elementis
582 3040 708 3129 Cupido
728 3040 888 3129 parvulus
908 3042 1132 3132 nutriebatur,
1152 3046 1259 3116 imbe-

175 3160 261 3229 cillis
275 3157 382 3224 adhuc
397 3154 470 3241 ejus
483 3151 623 3238 viribus,
638 3150 732 3218 facile
746 3151 901 3219 ruborem
914 3163 1045 3222 tenuem
1057 3155 1256 3248 deprimens,

174 3259 502 3348 silentioresistebat.
515 3257 1260 3352 Atuhicompletisignevesanototispraecor-

176 3375 253 3454 diis,
267 3368 442 3438 immodice
452 3364 632 3434 bacchatus
644 3384 737 3430 amor
748 3363 959 3451 exaestuabat,
969 3368 1113 3436 saevienti
1122 3372 1183 3438 [leo
1189 3373 1260 3460 jam

176 3474 355 3550 succubuit
361 3498 372 3562 ;
397 3496 434 3543 ac
457 3475 623 3560 languore
647 3469 816 3557 simulato,
833 3471 957 3539 'vulnus
978 3474 1082 3540 animi
1101 3477 1261 3546 mentitur

176 3590 214 3658 in
232 3584 377 3674 corporis
395 3579 597 3651 valetudine.
621 3578 695 3644 lam
719 3587 826 3644 cetera
839 3577 955 3645 salutis
970 3580 1149 3670 vultusque
1164 3582 1261 3651 detri-

180 3691 332 3762 mentaet
343 3689 440 3777 aegris
455 3701 486 3754 et
500 3682 690 3754 amantibus
702 3687 901 3750 examussim
917 3686 1090 3754 convenire
1105 3708 1201 3756 nemo
1215 3705 1263 3760 est

180 3802 241 3894 qui
254 3799 388 3867 nesciat.
410 3787 519 3862 Pallor
539 3790 707 3875 deformis,
723 3801 904 3858 toarcentes
920 3793 1020 3872 oculi,
1036 3795 1122 3862 lassa
1137 3817 1261 3884 genua,

179 3906 275 4000 quies
288 3901 435 3987 turbida,
450 3908 482 3968 et
497 3896 675 3986 suspiritus
684 3896 850 3965 cruciatus
865 3897 1016 4001 tarditate
1026 3900 1261 3974 uehementior.

219 4154 228 4188 ¹
249 4153 324 4205 rom.
336 4151 356 4214 1,
373 4163 398 4214 ρ.
416 4146 546 4199 roc-nr.
566 4169 602 4180 -
620 4141 902 4210 ¹1u.,p.aea,aoo.

1109 4241 1124 4289 2
