2942 4722
195 381 418 472 profitebitur.
443 383 665 474 Pythagoram
689 384 776 452 inter
801 405 914 472 mogus
938 387 1071 475 ponet¹.
1092 387 1134 453 ite
1149 385 1280 456 Socrate

193 491 349 580 puerilia,
366 510 526 579 perquam
545 491 646 570 serio,
665 491 822 575 reteret²;
839 491 1072 580 defflrotugore
1091 502 1123 559 et
1141 491 1280 559 Euathlo

202 595 359 686 sophistis
382 596 465 664 nihil
484 597 576 666 odiud
591 599 655 666 nisi
667 597 901 666 'fraudulentos
921 599 1081 688 quosdam
1097 597 1279 686 argutios³,

194 705 275 772 setis
291 715 336 771 tot
349 703 510 794 exemplis
518 703 714 792 significans
736 703 1141 794 pbilosophiae'historism
1166 705 1280 773 sibiiu

193 809 319 897 talibus
332 812 469 878 versari.
486 811 536 878 Ad
551 813 709 880 Cretetem
732 832 832 880 suum
856 822 1014 895 recurret,
1035 833 1178 902 eumque
1197 813 1282 880 ridi-

195 917 271 986 oulo
284 918 433 986 encomio
445 939 523 988 oum
534 918 867 988 nemeteuonferut:
884 919 1002 1000 «Quod
1013 919 1187 991 Herculem
1200 919 1279 986 olim

195 1038 297 1114 poetae
313 1041 497 1093 memorent
515 1036 664 1094 monstro
686 1026 745 1094 iilo
763 1027 1118 1095 immeniehominum
1142 1047 1179 1093 se
1191 1026 1279 1093 fom-

163 1144 168 1154 '
195 1153 271 1202 rum
286 1133 411 1200 virtute
425 1133 608 1221 subegisse,
626 1133 807 1223 orbemque
822 1146 916 1210 terrae
931 1154 1090 1223 purgasse
1106 1155 1114 1200 :
1130 1133 1283 1203 similitor

195 1237 353 1308 adversus
368 1239 578 1306 treouudium
595 1250 629 1306 et
644 1239 819 1332 Invidiam,
837 1242 1020 1308 Atratinum
1033 1250 1139 1328 etque
1158 1239 1282 1308 Libidi-

188 1364 284 1430 nem,
301 1355 474 1434 ceteroque
489 1347 599 1414 nnirni
612 1346 752 1414 hnmani
767 1360 914 1416 monstro
937 1358 969 1414 et
992 1346 1119 1434 flagitio
1130 1343 1283 1434 philoso-

193 1451 281 1542 phus
307 1453 369 1520 iste
397 1454 554 1521 Hercules
577 1454 653 1532 fou.
674 1481 691 1517 u
713 1455 880 1545 ‚Aristippi
912 1455 1055 1543 denique
1084 1454 1280 1521 sententium

196 1559 290 1628 uelde
306 1559 472 1650 probabit,
490 1581 595 1648 quum
612 1563 744 1648 nogenti
757 1573 896 1650 tyranno
909 1563 990 1652 quid
1004 1563 1053 1628 itti
1068 1560 1285 1650 philosophie

193 1666 345 1738 studium
368 1678 435 1734 tam
459 1668 648 1756 impensum
672 1680 806 1758 tumque
824 1670 991 1737 diutinum
1010 1663 1283 1757 profuisset,·ros'-

190 1773 310 1862 pendit
331 1773 547 1863 philosophus
565 1796 574 1840 ε
590 1803 607 1837 α
625 1778 666 1844 Ut
686 1797 761 1843 oum
782 1775 937 1844 omuibus
956 1774 1150 1843 hominibus
1168 1763 1284 1842 seduno

195 1889 226 1946 et
238 1879 403 1970 intrepide
418 1879 620 1948 suboleret
633 1907 648 1945 u
670 1881 733 1960 Qui
750 1893 799 1950 est
815 1883 882 1950 iste
903 1881 1120 1972 philosophus
1139 1881 1279 1969 quinon

195 1986 293 2055 modo
314 1989 506 2076 cynicorum
529 1988 767 2075 tupitudinem,
784 1989 840 2056 sed
864 1987 981 2056 munds
995 1998 1027 2054 et
1041 1987 1165 2074 linguae
1179 1987 1282 2054 soler·
1305 1989 1307 1993 '

196 2094 276 2160 tiam
300 2095 388 2161 inter
409 2095 634 2186 philosophice
653 2097 872 2164 adnumeret?
897 2099 963 2181 Nae,
980 2095 1078 2163 ratde
1102 2115 1217 2164 vereor
1239 2114 1281 2161 ne

197 2201 457 2290 Brotegoromet
469 2203 624 2292 Hippiam
639 2205 813 2294 sophistes,
838 2225 905 2272 non
926 2215 1041 2272 eutem
1067 2204 1234 2271 Soorotern
1249 2212 1282 2270 et

192 2308 368 2380 uterorum
385 2309 610 2400 philosophos,
624 2312 768 2400 majores
778 2311 914 2380 bobeot.
1307 2313 1311 2317 ’

234 2418 306 2484 Hoc
334 2429 446 2486 nutum
467 2415 541 2485 non
565 2419 636 2506 jem
661 2419 865 2504 uerendum,
894 2419 952 2487 sed
978 2416 1283 2502 affirmandum,·si

195 2525 295 2612 paulo
309 2525 444 2612 longius
456 2525 726 2614 processerimus,
738 2527 817 2594 ¹erit.

239 2631 699 2721 Nemononmeminit'qunm
709 2632 815 2722 lepide
826 2632 998 2701 duronolis
1009 2631 1195 2701 Grrueulum
1207 2632 1283 2720 esd,-

199 2738 338 2812 rientem
353 2738 537 2828 depinget:
1265 2761 1267 2768 ·

343 2927 353 2953 u
374 2906 581 2967 Grammaticus,
595 2909 695 2968 rhetor,
712 2909 981 2986 geometrespictor,
997 2909 1105 2973 aliptes,

345 3015 356 3044 a
376 3001 479 3062 Augur,
496 2997 673 3059 straeuobetes,
684 2998 816 3058 medicus,
832 3010 936 3061 magus,
947 2997 1153 3049 omnianorit.»
1176 3001 1179 3007 ‘

191 3127 367 3202 Nostrum,
386 3127 580 3200 Africanum
603 3127 700 3213 lieet,
717 3129 897 3204 ,Juveuatis
918 3129 1077 3221 depinxit.
1104 3127 1277 3208 Africanus

147 3267 149 3276 1
195 3236 283 3303 euim
300 3235 440 3322 origine,
461 3256 526 3303 uon
540 3235 638 3304 modo
654 3235 858 3323 litteris‚.sed
871 3247 901 3311 et
921 3235 1077 3310 omnibus
1092 3237 1278 3302 Graeoorum

195 3341 322 3410 ortibus
343 3341 494 3410 imbutus
509 3351 567 3411 est.
592 3344 785 3412 AMercello
798 3343 936 3434 medico,
953 3340 1294 3434 tanquamgrevissif

194 3471 269 3518 mus
280 3449 314 3516 in
331 3449 490 3518 medicine
501 3459 629 3536 auctor,
644 3451 677 3516 in
690 3451 918 3519 testimouium
932 3471 998 3518 una
1011 3470 1087 3517 oum
1103 3448 1205 3528 Celso,
1219 3468 1277 3515 vo·

194 3566 301 3625 eatur.
316 3559 370 3624 Ait
382 3558 450 3648 ipse
466 3557 653 3648 philosophi
664 3578 732 3632 esse
741 3557 915 3634 ,medicine
923 3557 1060 3625 studere
1074 3581 1082 3622 ι
1098 3554 1277 3633 uliesineut

192 3663 249 3732 isti
268 3664 383 3732 mirari
403 3666 432 3743 si
446 3663 633 3755 philosophi
646 3675 762 3754 suapte
780 3665 929 3745 doetrinp
950 3683 1065 3734 causes
1081 3661 1275 3737 morborum

192 3780 224 3839 et
242 3770 388 3840 remedie
403 3771 596 3845 noveruut⁶.
615 3797 630 3836 r
646 3771 879 3852 Qnidmultu‘t
899 3771 1096 3848 medicinam
1116 3767 1274 3867 exercuit,

193 3898 298 3967 aegros
313 3879 439 3967 invisit,
456 3879 497 3946 ab
519 3879 593 3946 eliis
609 3878 743 3946 mediois
758 3879 798 3946 de
817 3878 941 3948 morbis
960 3877 1178 3966 remediisque
1197 3895 1276 3942 oon·

230 4069 238 4103 ¹
260 4067 709 4136 rpot.,trs.-²1ct..tsr.-⁸
727 4071 844 4132 nt.,-18.
862 4066 921 4106 -⁴
941 4067 1054 4133 tristi.
1072 4091 1107 4104 ·-
1125 4065 1136 4100 ⁸
1155 4066 1211 4131 Id„
1229 4065 1273 4118 2³.
1333 4061 1343 4077 ⁴

192 4153 449 4222 ··-r⁶..4pol.„bii.
550 4155 556 4168 ’
1143 4167 1145 4174 ’
1212 4155 1214 4160 ’
