<?xml version="1.0" encoding="UTF-8"?>
<!DOCTYPE html PUBLIC "-//W3C//DTD XHTML 1.0 Transitional//EN"
    "http://www.w3.org/TR/xhtml1/DTD/xhtml1-transitional.dtd">
<html xmlns="http://www.w3.org/1999/xhtml" xml:lang="en" lang="en">
 <head>
  <title>
</title>
<meta http-equiv="Content-Type" content="text/html;charset=utf-8" />
  <meta name='ocr-system' content='tesseract 3.04.00' />
  <meta name='ocr-capabilities' content='ocr_page ocr_carea ocr_par ocr_line ocrx_word'/>
</head>
<body>
  <div class='ocr_page' id='page_1' title='image "./deapuleiofabula00goumgoog_0024.png"; bbox 0 0 2942 4722; ppageno 0'>
   <div class='ocr_carea' id='block_1_1' title="bbox 180 739 1351 1936">
    <p class='ocr_par' dir='ltr' id='par_1_1' title="bbox 189 739 1351 1421">
     <span class='ocr_line' id='line_1_1' title="bbox 504 739 1276 890; baseline 0.093 -87"><span class='ocrx_word' id='word_1_1' title='bbox 504 739 643 833; x_wconf 55' lang='lat' dir='ltr'>‘ubique</span> <span class='ocrx_word' id='word_1_2' title='bbox 664 752 824 829; x_wconf 86' lang='lat' dir='ltr'>rhetorica</span> <span class='ocrx_word' id='word_1_3' title='bbox 839 786 961 854; x_wconf 88' lang='lat' dir='ltr'>peccat.</span> <span class='ocrx_word' id='word_1_4' title='bbox 985 783 1069 860; x_wconf 84' lang='lat' dir='ltr'>Quin</span> <span class='ocrx_word' id='word_1_5' title='bbox 1091 802 1121 858; x_wconf 83' lang='lat' dir='ltr'>et</span> <span class='ocrx_word' id='word_1_6' title='bbox 1145 807 1276 890; x_wconf 81' lang='lat' dir='ltr'>egregie</span> 
     </span>
     <span class='ocr_line' id='line_1_2' title="bbox 197 823 1272 992; baseline 0.087 -105"><span class='ocrx_word' id='word_1_7' title='bbox 197 823 343 897; x_wconf 88' lang='lat' dir='ltr'>officium</span> <span class='ocrx_word' id='word_1_8' title='bbox 364 851 671 941; x_wconf 60' lang='lat' dir='ltr'>suumpraestabim</span> <span class='ocrx_word' id='word_1_9' title='bbox 696 861 744 946; x_wconf 83' lang='lat' dir='ltr'>si,&#39;</span> <span class='ocrx_word' id='word_1_10' title='bbox 762 887 828 954; x_wconf 86' lang='lat' dir='ltr'>quo</span> <span class='ocrx_word' id='word_1_11' title='bbox 851 882 996 967; x_wconf 88' lang='lat' dir='ltr'>tempore</span> <span class='ocrx_word' id='word_1_12' title='bbox 1022 901 1051 956; x_wconf 94' lang='lat' dir='ltr'>et</span> <span class='ocrx_word' id='word_1_13' title='bbox 1076 895 1145 967; x_wconf 88' lang='lat' dir='ltr'>loco</span> <span class='ocrx_word' id='word_1_14' title='bbox 1169 905 1272 992; x_wconf 85' lang='lat' dir='ltr'>decet,</span> 
     </span>
     <span class='ocr_line' id='line_1_3' title="bbox 197 931 1309 1092; baseline 0.086 -98"><span class='ocrx_word' id='word_1_15' title='bbox 197 931 297 1002; x_wconf 87' lang='lat' dir='ltr'>verba</span> <span class='ocrx_word' id='word_1_16' title='bbox 310 937 435 1012; x_wconf 87' lang='lat' dir='ltr'>fecerit.</span> <span class='ocrx_word' id='word_1_17' title='bbox 449 949 723 1046; x_wconf 74' lang='lat' dir='ltr'>Metamorphoses</span> <span class='ocrx_word' id='word_1_18' title='bbox 740 992 845 1043; x_wconf 91' lang='lat' dir='ltr'>unum</span> <span class='ocrx_word' id='word_1_19' title='bbox 861 983 955 1054; x_wconf 89' lang='lat' dir='ltr'>nobis</span> <span class='ocrx_word' id='word_1_20' title='bbox 969 1002 1001 1057; x_wconf 88' lang='lat' dir='ltr'>et</span> <span class='ocrx_word' id='word_1_21' title='bbox 1014 997 1155 1074; x_wconf 85' lang='lat' dir='ltr'>alterum</span> <span class='ocrx_word' id='word_1_22' title='bbox 1169 1031 1275 1084; x_wconf 79' lang='lat' dir='ltr'>esern-</span> <span class='ocrx_word' id='word_1_23' title='bbox 1307 1083 1309 1092; x_wconf 30' lang='lat' dir='ltr'><em>s</em></span> 
     </span>
     <span class='ocr_line' id='line_1_4' title="bbox 193 1038 1351 1194; baseline 0.086 -94"><span class='ocrx_word' id='word_1_24' title='bbox 193 1038 290 1124; x_wconf 90' lang='lat' dir='ltr'>plum</span> <span class='ocrx_word' id='word_1_25' title='bbox 311 1047 457 1132; x_wconf 75' lang='lat' dir='ltr'>praebent</span> <span class='ocrx_word' id='word_1_26' title='bbox 477 1058 640 1132; x_wconf 85' lang='lat' dir='ltr'>collocatae</span> <span class='ocrx_word' id='word_1_27' title='bbox 663 1089 847 1162; x_wconf 88' lang='lat' dir='ltr'>opportune</span> <span class='ocrx_word' id='word_1_28' title='bbox 862 1088 1040 1188; x_wconf 85' lang='lat' dir='ltr'>rhetoricae.</span> <span class='ocrx_word' id='word_1_29' title='bbox 1065 1109 1173 1186; x_wconf 81' lang='lat' dir='ltr'>Quum</span> <span class='ocrx_word' id='word_1_30' title='bbox 1189 1121 1272 1191; x_wconf 84' lang='lat' dir='ltr'>Cha·</span> <span class='ocrx_word' id='word_1_31' title='bbox 1298 1182 1308 1194; x_wconf 87' lang='lat'><strong><em>.</em></strong></span> <span class='ocrx_word' id='word_1_32' title='bbox 1346 1163 1351 1167; x_wconf 85' lang='grc'><em>·</em></span> 
     </span>
     <span class='ocr_line' id='line_1_5' title="bbox 192 1143 1269 1312; baseline 0.086 -106"><span class='ocrx_word' id='word_1_33' title='bbox 192 1143 254 1210; x_wconf 92' lang='lat' dir='ltr'>rite</span> <span class='ocrx_word' id='word_1_34' title='bbox 274 1147 332 1216; x_wconf 91' lang='lat' dir='ltr'>diu</span> <span class='ocrx_word' id='word_1_35' title='bbox 349 1157 507 1228; x_wconf 88' lang='lat' dir='ltr'>meditata</span> <span class='ocrx_word' id='word_1_36' title='bbox 524 1166 647 1240; x_wconf 89' lang='lat' dir='ltr'>ultione</span> <span class='ocrx_word' id='word_1_37' title='bbox 662 1176 802 1270; x_wconf 88' lang='lat' dir='ltr'>jamjam</span> <span class='ocrx_word' id='word_1_38' title='bbox 824 1190 984 1289; x_wconf 88' lang='lat' dir='ltr'>fruitura,</span> <span class='ocrx_word' id='word_1_39' title='bbox 1002 1210 1044 1276; x_wconf 89' lang='lat' dir='ltr'>ad</span> <span class='ocrx_word' id='word_1_40' title='bbox 1061 1215 1269 1312; x_wconf 81' lang='lat' dir='ltr'>Thrasyllum</span> 
     </span>
     <span class='ocr_line' id='line_1_6' title="bbox 189 1253 1268 1421; baseline 0.085 -109"><span class='ocrx_word' id='word_1_41' title='bbox 189 1253 336 1338; x_wconf 90' lang='lat' dir='ltr'>sopitum</span> <span class='ocrx_word' id='word_1_42' title='bbox 359 1264 496 1354; x_wconf 88' lang='lat' dir='ltr'>accedit,</span> <span class='ocrx_word' id='word_1_43' title='bbox 520 1270 612 1344; x_wconf 86' lang='lat' dir='ltr'>locus</span> <span class='ocrx_word' id='word_1_44' title='bbox 633 1295 684 1348; x_wconf 89' lang='lat' dir='ltr'>est</span> <span class='ocrx_word' id='word_1_45' title='bbox 699 1284 753 1356; x_wconf 87' lang='lat' dir='ltr'>hic</span> <span class='ocrx_word' id='word_1_46' title='bbox 772 1298 913 1368; x_wconf 89' lang='lat' dir='ltr'>orationi</span> <span class='ocrx_word' id='word_1_47' title='bbox 932 1321 991 1376; x_wconf 39' lang='lat' dir='ltr'>xaut</span> <span class='ocrx_word' id='word_1_48' title='bbox 1014 1321 1124 1402; x_wconf 87' lang='lat' dir='ltr'>potius</span> <span class='ocrx_word' id='word_1_49' title='bbox 1146 1328 1268 1421; x_wconf 68' lang='lat' dir='ltr'>impre7</span> 
     </span>
    </p>

    <p class='ocr_par' dir='ltr' id='par_1_2' title="bbox 180 1348 1266 1936">
     <span class='ocr_line' id='line_1_7' title="bbox 217 1348 1266 1510; baseline 0.09 -93"><span class='ocrx_word' id='word_1_50' title='bbox 217 1348 220 1352; x_wconf 69' lang='grc'>’</span> <span class='ocrx_word' id='word_1_51' title='bbox 244 1359 250 1370; x_wconf 88' lang='grc'><strong>’</strong></span> <span class='ocrx_word' id='word_1_52' title='bbox 301 1361 326 1444; x_wconf 83' lang='grc'>’;</span> <span class='ocrx_word' id='word_1_53' title='bbox 349 1381 455 1456; x_wconf 88' lang='lat' dir='ltr'>neque</span> <span class='ocrx_word' id='word_1_54' title='bbox 478 1377 630 1466; x_wconf 76' lang='lat' dir='ltr'>scriptori</span> <span class='ocrx_word' id='word_1_55' title='bbox 654 1397 734 1460; x_wconf 89' lang='lat' dir='ltr'>tunc</span> <span class='ocrx_word' id='word_1_56' title='bbox 752 1397 872 1471; x_wconf 90' lang='lat' dir='ltr'>inutile</span> <span class='ocrx_word' id='word_1_57' title='bbox 896 1421 944 1479; x_wconf 90' lang='lat' dir='ltr'>est</span> <span class='ocrx_word' id='word_1_58' title='bbox 964 1435 1032 1486; x_wconf 87' lang='lat' dir='ltr'>sese</span> <span class='ocrx_word' id='word_1_59' title='bbox 1054 1425 1266 1510; x_wconf 87' lang='lat' dir='ltr'>declamando</span> 
     </span>
     <span class='ocr_line' id='line_1_8' title="bbox 187 1469 1264 1633; baseline 0.084 -108"><span class='ocrx_word' id='word_1_60' title='bbox 187 1469 382 1538; x_wconf 82' lang='lat' dir='ltr'>exercuisse.</span> <span class='ocrx_word' id='word_1_61' title='bbox 403 1478 492 1564; x_wconf 83' lang='lat' dir='ltr'>«En,</span> <span class='ocrx_word' id='word_1_62' title='bbox 508 1482 617 1574; x_wconf 88' lang='lat' dir='ltr'>inquit</span> <span class='ocrx_word' id='word_1_63' title='bbox 628 1493 756 1567; x_wconf 79' lang='lat' dir='ltr'>Charite</span> <span class='ocrx_word' id='word_1_64' title='bbox 767 1507 788 1588; x_wconf 89' lang='lat'>¹,</span> <span class='ocrx_word' id='word_1_65' title='bbox 804 1507 889 1580; x_wconf 84' lang='lat' dir='ltr'>fidus</span> <span class='ocrx_word' id='word_1_66' title='bbox 902 1522 1053 1612; x_wconf 78' lang='lat' dir='ltr'>conjugis</span> <span class='ocrx_word' id='word_1_67' title='bbox 1065 1536 1131 1603; x_wconf 88' lang='lat' dir='ltr'>mei</span> <span class='ocrx_word' id='word_1_68' title='bbox 1145 1560 1264 1633; x_wconf 87' lang='lat' dir='ltr'>comes,</span> 
     </span>
     <span class='ocr_line' id='line_1_9' title="bbox 184 1586 1263 1722; baseline 0.085 -91"><span class='ocrx_word' id='word_1_69' title='bbox 184 1587 226 1634; x_wconf 92' lang='lat' dir='ltr'>en</span> <span class='ocrx_word' id='word_1_70' title='bbox 241 1586 378 1644; x_wconf 88' lang='lat' dir='ltr'>venator</span> <span class='ocrx_word' id='word_1_71' title='bbox 392 1587 557 1675; x_wconf 81' lang='lat' dir='ltr'>egregius,</span> <span class='ocrx_word' id='word_1_72' title='bbox 573 1613 612 1660; x_wconf 92' lang='lat' dir='ltr'>en</span> <span class='ocrx_word' id='word_1_73' title='bbox 627 1618 722 1671; x_wconf 88' lang='lat' dir='ltr'>carus</span> <span class='ocrx_word' id='word_1_74' title='bbox 737 1613 896 1686; x_wconf 84' lang='lat' dir='ltr'>maritus!</span> <span class='ocrx_word' id='word_1_75' title='bbox 912 1626 983 1695; x_wconf 85' lang='lat' dir='ltr'>Haec</span> <span class='ocrx_word' id='word_1_76' title='bbox 999 1647 1046 1720; x_wconf 81' lang='lat' dir='ltr'>est</span> <span class='ocrx_word' id='word_1_77' title='bbox 1060 1637 1117 1708; x_wconf 91' lang='lat' dir='ltr'>illa</span> <span class='ocrx_word' id='word_1_78' title='bbox 1131 1645 1263 1722; x_wconf 80' lang='lat' dir='ltr'>dextera</span> 
     </span>
     <span class='ocr_line' id='line_1_10' title="bbox 180 1694 1260 1829; baseline 0.086 -92"><span class='ocrx_word' id='word_1_79' title='bbox 180 1694 257 1761; x_wconf 86' lang='lat' dir='ltr'>quae</span> <span class='ocrx_word' id='word_1_80' title='bbox 282 1699 394 1751; x_wconf 91' lang='lat' dir='ltr'>meum</span> <span class='ocrx_word' id='word_1_81' title='bbox 422 1695 619 1778; x_wconf 83' lang='lat' dir='ltr'>sanguinem</span> <span class='ocrx_word' id='word_1_82' title='bbox 643 1705 747 1796; x_wconf 79' lang='lat' dir='ltr'>fudit3</span> <span class='ocrx_word' id='word_1_83' title='bbox 769 1715 830 1786; x_wconf 89' lang='lat' dir='ltr'>hoo</span> <span class='ocrx_word' id='word_1_84' title='bbox 854 1741 984 1820; x_wconf 87' lang='lat' dir='ltr'>pectus,</span> <span class='ocrx_word' id='word_1_85' title='bbox 1009 1747 1098 1829; x_wconf 84' lang='lat' dir='ltr'>qnod</span> <span class='ocrx_word' id='word_1_86' title='bbox 1121 1751 1260 1828; x_wconf 84' lang='lat' dir='ltr'>fraudu-</span> 
     </span>
     <span class='ocr_line' id='line_1_11' title="bbox 180 1780 1259 1936; baseline 0.085 -92"><span class='ocrx_word' id='word_1_87' title='bbox 180 1780 287 1851; x_wconf 92' lang='lat' dir='ltr'>lentas</span> <span class='ocrx_word' id='word_1_88' title='bbox 311 1789 465 1880; x_wconf 79' lang='lat' dir='ltr'>ambages</span> <span class='ocrx_word' id='word_1_89' title='bbox 484 1799 518 1865; x_wconf 88' lang='lat' dir='ltr'>in</span> <span class='ocrx_word' id='word_1_90' title='bbox 544 1825 656 1878; x_wconf 91' lang='lat' dir='ltr'>meum</span> <span class='ocrx_word' id='word_1_91' title='bbox 679 1822 887 1898; x_wconf 68' lang='lat' dir='ltr'>concinnavit</span> <span class='ocrx_word' id='word_1_92' title='bbox 912 1841 1066 1934; x_wconf 77' lang='lat' dir='ltr'>exitium3</span> <span class='ocrx_word' id='word_1_93' title='bbox 1093 1861 1181 1927; x_wconf 87' lang='lat' dir='ltr'>oculi</span> <span class='ocrx_word' id='word_1_94' title='bbox 1203 1865 1259 1936; x_wconf 87' lang='lat' dir='ltr'>isti</span> 
     </span>
    </p>
   </div>
   <div class='ocr_carea' id='block_1_2' title="bbox 177 1888 1256 2101">
    <p class='ocr_par' dir='ltr' id='par_1_3' title="bbox 177 1888 1256 2101">
     <span class='ocr_line' id='line_1_12' title="bbox 178 1888 1256 2042; baseline 0.083 -91"><span class='ocrx_word' id='word_1_95' title='bbox 178 1888 302 1975; x_wconf 89' lang='lat' dir='ltr'>quibus</span> <span class='ocrx_word' id='word_1_96' title='bbox 318 1897 404 1966; x_wconf 89' lang='lat' dir='ltr'>male</span> <span class='ocrx_word' id='word_1_97' title='bbox 420 1901 530 1988; x_wconf 90' lang='lat' dir='ltr'>placui</span> <span class='ocrx_word' id='word_1_98' title='bbox 536 1931 547 1992; x_wconf 82' lang='lat'>3</span> <span class='ocrx_word' id='word_1_99' title='bbox 564 1915 633 2000; x_wconf 87' lang='lat' dir='ltr'>qui,</span> <span class='ocrx_word' id='word_1_100' title='bbox 651 1925 894 2007; x_wconf 83' lang='lat' dir='ltr'>quodammodo</span> <span class='ocrx_word' id='word_1_101' title='bbox 911 1953 1017 2017; x_wconf 89' lang='lat' dir='ltr'>tamen</span> <span class='ocrx_word' id='word_1_102' title='bbox 1037 1957 1107 2042; x_wconf 85' lang='lat' dir='ltr'>jam</span> <span class='ocrx_word' id='word_1_103' title='bbox 1126 1965 1256 2041; x_wconf 86' lang='lat' dir='ltr'>futuras</span> 
     </span>
     <span class='ocr_line' id='line_1_13' title="bbox 177 1995 752 2101; baseline 0.073 -44"><span class='ocrx_word' id='word_1_104' title='bbox 177 1995 330 2066; x_wconf 84' lang='lat' dir='ltr'>tenebras</span> <span class='ocrx_word' id='word_1_105' title='bbox 344 2008 569 2101; x_wconf 87' lang='lat' dir='ltr'>auspicantes,</span> <span class='ocrx_word' id='word_1_106' title='bbox 587 2025 752 2099; x_wconf 86' lang='lat' dir='ltr'>venientes</span> 
     </span>
    </p>
   </div>
   <div class='ocr_carea' id='block_1_3' title="bbox 165 2754 1255 2917">
    <p class='ocr_par' dir='ltr' id='par_1_4' title="bbox 165 2754 1255 2917">
     <span class='ocr_line' id='line_1_14' title="bbox 165 2754 1255 2917; baseline 0.09 -108"><span class='ocrx_word' id='word_1_107' title='bbox 165 2765 224 2812; x_wconf 90' lang='lat' dir='ltr'>nec</span> <span class='ocrx_word' id='word_1_108' title='bbox 239 2754 355 2822; x_wconf 89' lang='lat' dir='ltr'>mortis</span> <span class='ocrx_word' id='word_1_109' title='bbox 369 2760 479 2845; x_wconf 90' lang='lat' dir='ltr'>quiete</span> <span class='ocrx_word' id='word_1_110' title='bbox 494 2771 703 2865; x_wconf 84' lang='lat' dir='ltr'>recreaberis,</span> <span class='ocrx_word' id='word_1_111' title='bbox 722 2805 781 2854; x_wconf 89' lang='lat' dir='ltr'>nec</span> <span class='ocrx_word' id='word_1_112' title='bbox 798 2793 871 2864; x_wconf 83' lang='lat' dir='ltr'>vitae</span> <span class='ocrx_word' id='word_1_113' title='bbox 887 2805 1052 2898; x_wconf 85' lang='lat' dir='ltr'>voluptate</span> <span class='ocrx_word' id='word_1_114' title='bbox 1067 2822 1255 2917; x_wconf 84' lang='lat' dir='ltr'>laetaberis‚·</span> 
     </span>
    </p>
   </div>
   <div class='ocr_carea' id='block_1_4' title="bbox 160 2853 1241 3107">
    <p class='ocr_par' dir='ltr' id='par_1_5' title="bbox 160 2853 1241 3107">
     <span class='ocr_line' id='line_1_15' title="bbox 162 2853 1241 3023; baseline 0.091 -109"><span class='ocrx_word' id='word_1_115' title='bbox 162 2853 219 2920; x_wconf 88' lang='lat' dir='ltr'>sed</span> <span class='ocrx_word' id='word_1_116' title='bbox 233 2855 399 2930; x_wconf 88' lang='lat' dir='ltr'>incertum</span> <span class='ocrx_word' id='word_1_117' title='bbox 417 2868 633 2947; x_wconf 85' lang='lat' dir='ltr'>simulacrum</span> <span class='ocrx_word' id='word_1_118' title='bbox 647 2889 772 2960; x_wconf 87' lang='lat' dir='ltr'>errabis</span> <span class='ocrx_word' id='word_1_119' title='bbox 792 2898 879 2970; x_wconf 89' lang='lat' dir='ltr'>inter</span> <span class='ocrx_word' id='word_1_120' title='bbox 894 2909 1012 2984; x_wconf 85' lang='lat' dir='ltr'>Oreum</span> <span class='ocrx_word' id='word_1_121' title='bbox 1028 2935 1059 2991; x_wconf 89' lang='lat' dir='ltr'>at</span> <span class='ocrx_word' id='word_1_122' title='bbox 1074 2932 1193 3023; x_wconf 81' lang='lat' dir='ltr'>solem3</span> <span class='ocrx_word' id='word_1_123' title='bbox 1210 2955 1241 3010; x_wconf 88' lang='lat' dir='ltr'>et</span> 
     </span>
     <span class='ocr_line' id='line_1_16' title="bbox 160 2957 926 3107; baseline 0.074 -84"><span class='ocrx_word' id='word_1_124' title='bbox 160 2957 220 3026; x_wconf 91' lang='lat' dir='ltr'>diu</span> <span class='ocrx_word' id='word_1_125' title='bbox 235 2983 359 3051; x_wconf 84' lang='lat' dir='ltr'>quaeres</span> <span class='ocrx_word' id='word_1_126' title='bbox 372 2972 537 3048; x_wconf 81' lang='lat' dir='ltr'>dexteram</span> <span class='ocrx_word' id='word_1_127' title='bbox 555 3005 628 3072; x_wconf 87' lang='lat' dir='ltr'>quae</span> <span class='ocrx_word' id='word_1_128' title='bbox 644 3001 717 3064; x_wconf 89' lang='lat' dir='ltr'>tuas</span> <span class='ocrx_word' id='word_1_129' title='bbox 734 3022 773 3068; x_wconf 86' lang='lat' dir='ltr'>ex</span> <span class='ocrx_word' id='word_1_130' title='bbox 915 3017 926 3107; x_wconf 11' lang='lat' dir='ltr'>&#39;y</span> 
     </span>
    </p>
   </div>
   <div class='ocr_carea' id='block_1_5' title="bbox 145 3073 774 3709">
    <p class='ocr_par' dir='ltr' id='par_1_6' title="bbox 145 3073 774 3709">
     <span class='ocr_line' id='line_1_17' title="bbox 158 3073 771 3193; baseline 0.073 -64"><span class='ocrx_word' id='word_1_131' title='bbox 158 3086 224 3153; x_wconf 89' lang='lat' dir='ltr'>que</span> <span class='ocrx_word' id='word_1_132' title='bbox 242 3085 291 3136; x_wconf 87' lang='lat' dir='ltr'>est</span> <span class='ocrx_word' id='word_1_133' title='bbox 309 3073 344 3139; x_wconf 90' lang='lat' dir='ltr'>in</span> <span class='ocrx_word' id='word_1_134' title='bbox 363 3097 511 3151; x_wconf 83' lang='lat' dir='ltr'>aerumna</span> <span class='ocrx_word' id='word_1_135' title='bbox 530 3093 771 3193; x_wconf 87' lang='lat' dir='ltr'>miserrimum,</span> 
     </span>
     <span class='ocr_line' id='line_1_18' title="bbox 155 3175 774 3299; baseline 0.073 -61"><span class='ocrx_word' id='word_1_136' title='bbox 155 3175 200 3241; x_wconf 85' lang='lat' dir='ltr'>At</span> <span class='ocrx_word' id='word_1_137' title='bbox 223 3197 287 3264; x_wconf 82' lang='lat' dir='ltr'>ego</span> <span class='ocrx_word' id='word_1_138' title='bbox 313 3187 526 3272; x_wconf 88' lang='lat' dir='ltr'>sepulchrum</span> <span class='ocrx_word' id='word_1_139' title='bbox 555 3202 621 3269; x_wconf 83' lang='lat' dir='ltr'>mei</span> <span class='ocrx_word' id='word_1_140' title='bbox 644 3208 774 3299; x_wconf 87' lang='lat' dir='ltr'>Tlepole</span> 
     </span>
     <span class='ocr_line' id='line_1_19' title="bbox 155 3279 724 3403; baseline 0.069 -57"><span class='ocrx_word' id='word_1_141' title='bbox 155 3279 280 3370; x_wconf 92' lang='lat' dir='ltr'>libabo,</span> <span class='ocrx_word' id='word_1_142' title='bbox 297 3299 328 3353; x_wconf 91' lang='lat' dir='ltr'>et</span> <span class='ocrx_word' id='word_1_143' title='bbox 347 3296 466 3362; x_wconf 88' lang='lat' dir='ltr'>sanctis</span> <span class='ocrx_word' id='word_1_144' title='bbox 479 3305 633 3376; x_wconf 90' lang='lat' dir='ltr'>manibus</span> <span class='ocrx_word' id='word_1_145' title='bbox 652 3317 724 3403; x_wconf 88' lang='lat' dir='ltr'>ejus</span> 
     </span>
     <span class='ocr_line' id='line_1_20' title="bbox 151 3389 725 3500; baseline 0.073 -49"><span class='ocrx_word' id='word_1_146' title='bbox 151 3389 236 3474; x_wconf 89' lang='lat' dir='ltr'>quid</span> <span class='ocrx_word' id='word_1_147' title='bbox 254 3413 346 3461; x_wconf 89' lang='lat' dir='ltr'>mora</span> <span class='ocrx_word' id='word_1_148' title='bbox 364 3406 520 3490; x_wconf 87' lang='lat' dir='ltr'>temporis</span> <span class='ocrx_word' id='word_1_149' title='bbox 544 3411 685 3500; x_wconf 80' lang='lat' dir='ltr'>dignum</span> <span class='ocrx_word' id='word_1_150' title='bbox 709 3447 725 3492; x_wconf 91' lang='lat' dir='ltr'>c</span> 
     </span>
     <span class='ocr_line' id='line_1_21' title="bbox 148 3499 702 3598; baseline 0.07 -40"><span class='ocrx_word' id='word_1_151' title='bbox 148 3499 365 3571; x_wconf 89' lang='lat' dir='ltr'>somnolentis</span> <span class='ocrx_word' id='word_1_152' title='bbox 381 3509 525 3582; x_wconf 88' lang='lat' dir='ltr'>tenebris</span> <span class='ocrx_word' id='word_1_153' title='bbox 544 3521 585 3587; x_wconf 88' lang='lat' dir='ltr'>ad</span> <span class='ocrx_word' id='word_1_154' title='bbox 605 3524 702 3598; x_wconf 85' lang='lat' dir='ltr'>aliam</span> 
     </span>
     <span class='ocr_line' id='line_1_22' title="bbox 145 3600 709 3709; baseline 0.074 -46"><span class='ocrx_word' id='word_1_155' title='bbox 145 3600 273 3670; x_wconf 76' lang='lat' dir='ltr'>Attolle</span> <span class='ocrx_word' id='word_1_156' title='bbox 288 3625 425 3679; x_wconf 89' lang='lat' dir='ltr'>vacuam</span> <span class='ocrx_word' id='word_1_157' title='bbox 440 3615 569 3709; x_wconf 86' lang='lat' dir='ltr'>faciem,</span> <span class='ocrx_word' id='word_1_158' title='bbox 586 3629 709 3708; x_wconf 89' lang='lat' dir='ltr'>vindict</span> 
     </span>
    </p>
   </div>
   <div class='ocr_carea' id='block_1_6' title="bbox 107 3705 621 3908">
    <p class='ocr_par' dir='ltr' id='par_1_7' title="bbox 107 3705 621 3908">
     <span class='ocr_line' id='line_1_23' title="bbox 143 3705 621 3824; baseline 0.056 -53"><span class='ocrx_word' id='word_1_159' title='bbox 143 3705 318 3798; x_wconf 81' lang='lat' dir='ltr'>intellige3</span> <span class='ocrx_word' id='word_1_160' title='bbox 342 3737 506 3793; x_wconf 73' lang='lat' dir='ltr'>erumnas</span> <span class='ocrx_word' id='word_1_161' title='bbox 527 3750 621 3824; x_wconf 87' lang='lat' dir='ltr'>comp</span> 
     </span>
     <span class='ocr_line' id='line_1_24' title="bbox 107 3821 446 3908; baseline 0.05 -31"><span class='ocrx_word' id='word_1_162' title='bbox 107 3829 111 3840; x_wconf 92' lang='lat'>·</span> <span class='ocrx_word' id='word_1_163' title='bbox 140 3835 242 3883; x_wconf 87' lang='lat' dir='ltr'>onere</span> <span class='ocrx_word' id='word_1_164' title='bbox 257 3821 356 3908; x_wconf 83' lang='lat' dir='ltr'>oculi,</span> <span class='ocrx_word' id='word_1_165' title='bbox 372 3825 446 3894; x_wconf 81' lang='lat' dir='ltr'>sios</span> 
     </span>
    </p>
   </div>
   <div class='ocr_carea' id='block_1_7' title="bbox 709 3221 1287 3756">
    <p class='ocr_par' dir='ltr' id='par_1_8' title="bbox 745 3221 1284 3436">
     <span class='ocr_line' id='line_1_25' title="bbox 776 3221 1284 3358; baseline 0.108 -76"><span class='ocrx_word' id='word_1_166' title='bbox 776 3221 822 3286; x_wconf 92' lang='lat' dir='ltr'>mi</span> <span class='ocrx_word' id='word_1_167' title='bbox 847 3235 904 3320; x_wconf 76' lang='lat' dir='ltr'>tuo</span> <span class='ocrx_word' id='word_1_168' title='bbox 928 3231 1095 3316; x_wconf 90' lang='lat' dir='ltr'>luminum</span> <span class='ocrx_word' id='word_1_169' title='bbox 1121 3275 1235 3330; x_wconf 86' lang='lat' dir='ltr'>cruore</span> <span class='ocrx_word' id='word_1_170' title='bbox 1280 3347 1284 3358; x_wconf 84' lang='lat'><em>.</em></span> 
     </span>
     <span class='ocr_line' id='line_1_26' title="bbox 745 3322 1233 3436; baseline 0.105 -49"><span class='ocrx_word' id='word_1_171' title='bbox 745 3322 817 3394; x_wconf 87' lang='lat' dir='ltr'>istis</span> <span class='ocrx_word' id='word_1_172' title='bbox 830 3335 935 3404; x_wconf 88' lang='lat' dir='ltr'>oculis</span> <span class='ocrx_word' id='word_1_173' title='bbox 948 3357 1144 3435; x_wconf 82' lang='lat' dir='ltr'>parentabo.</span> <span class='ocrx_word' id='word_1_174' title='bbox 1170 3368 1233 3436; x_wconf 87' lang='lat' dir='ltr'>Sed</span> 
     </span>
    </p>

    <p class='ocr_par' dir='ltr' id='par_1_9' title="bbox 709 3433 1287 3756">
     <span class='ocr_line' id='line_1_27' title="bbox 728 3433 1231 3544; baseline 0.105 -51"><span class='ocrx_word' id='word_1_175' title='bbox 728 3433 893 3508; x_wconf 87' lang='lat' dir='ltr'>ruoiatum</span> <span class='ocrx_word' id='word_1_176' title='bbox 915 3445 1080 3528; x_wconf 83' lang='lat' dir='ltr'>lucraris?</span> <span class='ocrx_word' id='word_1_177' title='bbox 1101 3469 1231 3544; x_wconf 85' lang='lat' dir='ltr'>Relictis</span> 
     </span>
     <span class='ocr_line' id='line_1_28' title="bbox 723 3543 1287 3660; baseline 0.105 -60"><span class='ocrx_word' id='word_1_178' title='bbox 723 3543 884 3623; x_wconf 82' lang='lat' dir='ltr'>poenalem</span> <span class='ocrx_word' id='word_1_179' title='bbox 904 3556 1025 3642; x_wconf 82' lang='lat' dir='ltr'>evigila</span> <span class='ocrx_word' id='word_1_180' title='bbox 1040 3571 1226 3660; x_wconf 79' lang='lat' dir='ltr'>caliginem.</span> <span class='ocrx_word' id='word_1_181' title='bbox 1277 3643 1287 3658; x_wconf 48' lang='lat' dir='ltr'><em>s</em></span> 
     </span>
     <span class='ocr_line' id='line_1_29' title="bbox 709 3659 1225 3756; baseline 0.103 -52"><span class='ocrx_word' id='word_1_182' title='bbox 709 3659 763 3708; x_wconf 87' lang='lat' dir='ltr'>am</span> <span class='ocrx_word' id='word_1_183' title='bbox 780 3666 991 3747; x_wconf 79' lang='lat' dir='ltr'>recognosoe3</span> <span class='ocrx_word' id='word_1_184' title='bbox 1006 3667 1225 3756; x_wconf 87' lang='lat' dir='ltr'>infortunium</span> 
     </span>
    </p>
   </div>
   <div class='ocr_carea' id='block_1_8' title="bbox 0 0 1476 4722">
    <p class='ocr_par' dir='ltr' id='par_1_10' title="bbox 0 0 1476 4722">
     <span class='ocr_line' id='line_1_30' title="bbox 0 0 1476 4722; baseline 0 11"><span class='ocrx_word' id='word_1_185' title='bbox 0 0 1476 4722; x_wconf 95' lang='lat' dir='ltr'> </span> 
     </span>
    </p>
   </div>
  </div>
 </body>
</html>
