2942 4722
659 260 838 328 ...56-

197 382 448 472 temporibus,a
464 383 639 472 sophistica
653 395 721 454 arte
740 387 922 476 inceptum,
938 388 972 456 in
997 389 1207 478 sophisticam
1223 414 1278 460 ar-

197 503 276 576 tem,
292 492 426 581 Apuleii
441 492 658 581 temporibus
676 493 858 578 desinebat.

242 598 328 679 Quid
343 600 467 667 mirum
485 601 513 668 si
528 601 832 688 homojngeniosns
854 611 885 671 et
901 602 1017 670 doctus
1037 622 1105 671 sese
1119 603 1279 692 sophista·

198 725 273 773 rum
288 726 428 775 numero
443 707 660 795 aggregavit?
675 709 710 776 Si
725 709 821 780 aliter
834 707 973 794 fecisset,
988 709 1199 778 miraremur.

241 814 369 881 Vernm'
383 814 418 880 in
433 814 538 881 natali
558 815 676 883 Africa
696 815 778 905 solo,
800 816 886 884 inter
902 816 1052 885 homines
1074 817 1280 906 superstitio-

197 916 300 986 nibus
309 918 453 987 maxime
470 919 609 1007 deditos,
624 921 871 992 immanissimae
884 921 1045 990 barbariae
1060 923 1280 991 conterminos

198 1043 258 1092 nec
268 1023 357 1093 abea
373 1025 506 1094 omniuo
519 1027 672 1114 intactos,
688 1039 793 1099 artem
804 1049 900 1097 snam
910 1039 1098 1097 exercereet
1113 1030 1279 1098 solertiam

199 1130 359 1220 explicare
371 1133 554 1201 constituit.
571 1134 651 1202 lndc
669 1135 856 1204 factumest
872 1137 978 1225 utqui
993 1136 1087 1222 alias,
1099 1139 1207 1204 Romae
1220 1147 1280 1203 ant

199 1236 349 1324 Athenis,
366 1240 595 1310 tantummodo
606 1261 673 1310 non
689 1241 863 1332 imperitus
880 1240 1132 1310 rhetorhabitus
1146 1243 1278 1329 fuisset,
1381 1258 1385 1264 ·

199 1365 318 1432 magus
333 1345 433 1413 etiam
447 1367 467 1414 a
481 1346 700 1436 popularibus
715 1348 785 1418 suis
798 1347 933 1417 habitus
946 1349 1060 1416 fuerit.
1213 1417 1215 1424 ,
1327 1435 1332 1443 ,

169 1458 174 1466 “
243 1453 351 1542 Hujus
366 1462 478 1520 autem
497 1453 596 1541 longa
615 1474 678 1522 nec
693 1454 879 1543 injucunda
898 1455 1021 1523 fabula.
1035 1465 1151 1531 exstat,
1164 1455 1200 1522 in
1215 1477 1280 1543 qua

201 1561 337 1648 magica
352 1571 437 1629 artes
451 1571 483 1628 et
501 1561 658 1630 libidines
672 1561 771 1650 longe
784 1563 969 1630 maximum
983 1562 1094 1630 locum
1115 1561 1238 1629 habeut
1249 1565 1256 1599 ¹
1269 1586 1280 1647 ;

201 1665 287 1734 inter
306 1687 388 1756 quas
408 1667 558 1756 quadam
579 1668 748 1736 nonnullis
773 1668 1005 1738 eruditissimis
1021 1668 1101 1736 viris
1122 1668 1247 1736 fidemf
1265 1705 1281 1716 -

206 1792 278 1839 cere
292 1772 511 1862 philosophici
521 1774 681 1863 propositi
690 1775 760 1842 visa
774 1784 865 1860 sunt,
880 1786 912 1842 et
925 1774 1106 1864 Apuleium
1122 1784 1280 1863 tanquam

201 1877 370 1947 doctorem
391 1880 568 1968 quemdam
589 1879 772 1966 ostendere,
789 1881 940 1970 antiqua¹
958 1879 1033 1949 fidei
1055 1890 1281 1970 propugnato-

73 2043 95 2070 ,
202 2005 285 2070 rem,
300 2006 392 2055 nova
407 1997 531 2070 autem,
545 1985 637 2055 idest
651 1985 850 2072 christianae,
862 1996 1139 2078 oppugnatorem.
1151 1986 1243 2067 Quod
1254 1986 1282 2052 si

201 2093 380 2182 paululum
391 2093 432 2160 ab
441 2095 616 2162 undecimo
626 2095 929 2185 Metamorphoseon
937 2095 1023 2163 libro
1034 2094 1183 2162 animum
1196 2115 1284 2161 aver·

88 2227 92 2236 ·
202 2211 327 2286 tamus,
344 2203 443 2287 longe
468 2201 563 2269 aliter
582 2202 775 2270 sentiemus.
793 2203 954 2292 Apuleius
978 2202 1115 2269 minime
1136 2202 1283 2290 cujusvis

202 2306 359 2376 doctrinae
379 2307 491 2376 doctor
505 2308 618 2376 haberi
635 2318 752 2397 potest.
770 2311 840 2376 Non
862 2307 1034 2397 antiquam
1048 2307 1145 2374 fidam
1161 2309 1283 2396 propu'-

203 2418 330 2504 gnarit,
352 2437 452 2506 quam
468 2425 600 2506 parum,
617 2418 684 2484 imo
698 2418 847 2501 minime,
866 2417 1011 2500 curavit;
1028 2437 1093 2482 non
1109 2435 1282 2505 oppugna-

205 2525 251 2591 vit
267 2544 400 2607 novam,
421 2534 522 2612 quam
544 2534 744 2592 tantumnon
763 2524 968 2613 ignoravisse
991 2523 1133 2590 videtur.
1149 2525 1283 2589 Famam

206 2631 305 2698 modo
321 2650 415 2698 suarn
431 2631 558 2696 curavit
574 2643 606 2698 et
628 2630 724 2716 aluit,
741 2631 838 2698 famae
860 2652 927 2698 suae
949 2641 1024 2698 ante
1041 2631 1153 2698 omnia
1168 2629 1206 2717 (si
1218 2649 1284 2697 non

206 2737 311 2826 unice)
329 2736 511 2815 studiosus,
527 2747 558 2804 et
572 2737 613 2804 ad
628 2738 712 2807 hanc
727 2737 929 2824 aagendam,
940 2735 1067 2803 librum
1081 2735 1170 2803 hunc
1183 2735 1284 2802 Meta-

187 2855 190 2860 '
205 2845 421 2934 morphoseon
435 2845 639 2933 conscripsit,
657 2846 690 2914 in
710 2866 775 2930 qno
790 2855 894 2912 totam
917 2863 1025 2929 suam,
1048 2853 1085 2910 ut
1101 2845 1148 2909 ita
1162 2842 1281 2924 dicam,

204 2954 394 3042 apothecam
410 2951 572 3021 exhausit.
586 2952 718 3022 Duabus
728 2953 901 3043 precipuis
917 2949 1006 3042 apud
1017 2951 1194 3039 populares
1205 2971 1282 3019 suos

209 3168 284 3255 (quo
305 3169 424 3256 sejam
447 3167 647 3255 placiturum
670 3169 737 3237 illis
757 3179 883 3238 eertum
899 3167 1051 3256 habebat)
1073 3167 1283 3253 omnigenam

206 3276 342 3364 insuper
369 3274 540 3343 scientiam
565 3297 659 3344 suam
680 3291 712 3344 et
732 3276 900 3346 solertiam
932 3276 1148 3365 (magicorum
1173 3273 1286 3363 praeci-

207 3402 284 3470 pue,
299 3381 490 3450 divinorum
512 3395 543 3452 et
565 3385 779 3474 mysticorum
800 3384 985 3461 scientiam,
1001 3401 1100 3470 quam
1117 3389 1285 3467 tantopere

207 3488 331 3575 vulgus
344 3489 553 3581 suspiciebat)
570 3493 849 3581 opportunissimo
863 3493 898 3558 in
912 3491 984 3558 loco
999 3486 1194 3577 explicabat.

256 3598 304 3663 lta
320 3596 356 3663 in
372 3616 479 3664 unum
494 3608 525 3665 et
546 3597 634 3667 idem
653 3599 865 3683 conveniunt,
881 3598 922 3666 ad
948 3617 1052 3664 unum
1068 3594 1286 3681 eamdemque

209 3703 308 3770 finem
322 3702 477 3789 tendunt,
489 3705 778 3796 Metamorphoses
794 3705 938 3784 Florida,
952 3697 1113 3793 Apologia
1130 3728 1138 3768 ε
1155 3697 1288 3786 Apuleii

209 3808 331 3877 seilicet
348 3810 484 3878 fernam.
504 3814 573 3879 Non
589 3813 724 3879 omuino
739 3817 825 3880 certe
841 3809 1133 3892 contemnendum,
1147 3804 1285 3895 Apuleio
1380 3899 1385 3908 η

194 4096 198 4110 ›
249 4067 255 4099 ¹
270 4069 305 4118 (le
321 4081 412 4118 roman
426 4071 552 4122 consacrd
566 4073 579 4123 ir
594 4073 617 4123 la
630 4073 717 4137 magle
727 4080 753 4124 et
765 4087 797 4122 au
810 4071 1002 4135 libertlaage...
1015 4069 1188 4133 (Salat-Marc
1199 4065 1288 4118 Girar-

213 4152 271 4214 din,
287 4153 337 4204 loc.
355 4150 424 4213 aits).
