2942 4722
632 234 675 250 ..
699 201 742 266 52
767 237 809 249 ..

114 367 117 374 ·
221 328 252 393 :ll
265 323 407 393 Varrone
426 324 568 414 :oppido
585 345 698 414 quam.

155 512 160 520 ⁵
226 433 309 512 Quid
332 443 442 498 autem
463 431 569 517 magis
590 429 789 507 rhetoricum
811 451 910 518 quam
935 432 987 499 his
1009 431 1136 500 artibus
1157 433 1260 500 cloctae
1334 415 1336 418 ⁵
1379 487 1387 494 .

74 626 76 630 Α
170 541 351 632 'elegantiae
376 539 495 606 famam
520 541 685 627 quaerere‘.l
705 539 792 604 Num
815 559 881 626 qua
902 542 1007 628 major
1029 540 1191 608 affectatio
1210 553 1260 608 est

181 667 280 734 quam
297 647 460 734 majorum
479 645 622 712 obsoleta
644 645 759 731 lingua
783 643 896 733 loqui?
913 648 999 715 Num
1019 649 1053 715 in
1075 646 1198 714 talibus
1213 647 1261 714 la-

181 753 298 821 borant
314 753 372 840 qui
388 751 507 818 habent
522 751 611 840 quod
627 750 763 820 dicant?
778 753 858 836 lmo,
876 753 899 819 ii
921 763 1050 822 tantum
1072 753 1130 842 qui
1149 752 1259 820 verbis

182 859 316 943 ludunt,
336 869 372 925 ut
385 856 522 926 lunibus
533 855 759 925 schaenohatae.

636 1105 795 1114 ——--·—-—

323 1319 390 1372 xttt.
410 1319 616 1384 -QUOMODO
635 1319 743 1372 ulnus
763 1319 924 1373 nvasuutr
945 1323 1117 1377 APULElUS.

229 1486 349 1554 eretor
364 1506 442 1572 ergo
454 1486 518 1554 fuit
529 1486 702 1574 Apuleius
721 1488 758 1552 tu
771 1483 936 1575 quomodo
949 1509 1013 1554 non
1027 1488 1164 1556 luisset?
1176 1492 1259 1559 Num

182 1615 248 1683 qua
261 1605 341 1661 tuuc
355 1593 420 1660 alia
434 1594 487 1659 via
502 1591 633 1681 patebat
648 1592 689 1660 ad
703 1591 856 1670 honores,
873 1593 1018 1680 divitias,
1033 1595 1178 1663 samam?
1191 1599 1262 1664 An-

182 1701 374 1768 toninorum
388 1699 537 1766 seculum
554 1697 741 1766 rhetoribus
753 1699 825 1784 ,fuit
845 1708 923 1766 aetas
936 1720 1049 1786 aurea.
1068 1703 1262 1771 Clarissimis

156 1856 161 1867 ,
184 1807 282 1874 morlo
297 1805 454 1894 exemplis
469 1814 555 1871 utar.
958 1793 960 1797 ⁴

228 1912 437 1980 Laodicencis
460 1911 616 1978 Polemon
640 1921 744 1982 totum
762 1913 928 1986 Orientem
943 1915 1031 1982 fama
1046 1936 1106 1983 sua
1119 1909 1260 2007 implet:

184 2023 244 2089 etsi
266 2021 425 2108 Smyrnae,
448 2017 480 2083 in
503 2016 688 2106 longinqua
704 2019 851 2106 regione,
869 2020 1004 2108 degens,
1022 2022 1063 2089 ah
1079 2023 1263 2113 imperato·

151 2125 154 2134 ’
184 2127 278 2196 ribus
298 2133 435 2192 ornatus
450 2135 482 2190 et
501 2123 683 2191 honoratus
698 2125 791 2191 vivit.
809 2127 951 2194 Herodes
966 2129 1107 2214 Atticae,
1123 2130 1264 2198 nobilis-

184 2236 268 2302 simo
280 2250 413 2319 genere,
428 2229 598 2302 immensis
614 2228 745 2318 opibus,
766 2231 808 2299 ad
822 2231 999 2320 opulentiae
1014 2235 1263 2303 munificentia-

185 2339 386 2429 quelaudem
397 2337 476 2404 artis
485 2337 652 2404 rhetoricae
661 2337 785 2404 famam
798 2338 1262 2410 adderelahorat.lllustribos

186 2447 365 2534 magistris,
378 2443 616 2512 illustrioribus
630 2443 927 2534 utiturdiscipulis.
942 2451 1027 2514 Sunt
1037 2449 1088 2514 illi
1095 2450 1262 2519 auditores

187 2568 218 2624 et
232 2559 359 2623 Marcus
372 2554 528 2622 Aurelius
542 2566 573 2620 et
588 2555 709 2622 Lucius
724 2557 838 2624 Verus.
858 2555 908 2621 Act
924 2546 1095 2623 summum
1110 2557 1262 2624 consula-

187 2666 239 2730 ms
253 2651 410 2730 honorem
423 2661 469 2728 ita
484 2660 676 2749 provehitur
693 2672 729 2728 ut
743 2662 1020 2749 augustissimum
1030 2663 1262 2750 magistratum

75 2778 80 2782 “
186 2771 296 2860 potius
314 2769 467 2838 decorare
490 2788 591 2856 quam
614 2789 652 2837 eo
675 2767 833 2854 decorari,
857 2769 1021 2837 rideatur.
1041 2771 1149 2839 AElius
1170 2772 1263 2840 Aris·
1305 2831 1308 2835 .

188 2878 282 2964 tides,
300 2876 485 2946 Polemonis
499 2875 699 2965 Herodisque
711 2875 906 2964 discipulae,
921 2877 1070 2966 perfectis
1086 2901 1143 2969 per
1157 2891 1264 2949 toturn

188 2986 366 3070 Orientem,
386 2982 539 3072 usquein
553 2982 745 3071 AEthiopum
764 2984 998 3052 remotissimas
1013 2986 1176 3074 regiones,
1191 2987 1265 3055 lon-

188 3093 240 3180 gis
261 3089 448 3172 itineribus,
467 3088 662 3156 rhetoricam
685 3100 788 3156 artem
805 3089 1047 3180 Smyrnaeum
1063 3093 1264 3170 tantalaude

188 3210 314 3270 exercet
330 3206 367 3265 ut
382 3206 573 3264 statuantur
585 3196 648 3277 illi,
664 3196 798 3263 forsitan
815 3209 846 3264 et
861 3185 996 3287 viventi,
1014 3210 1142 3270 statuae.
1157 3203 1265 3269 Romae

189 3305 343 3394 denique,
353 3304 388 3370 in
402 3302 510 3369 marlia
523 3301 596 3368 luce
611 3301 741 3391 antiqui
755 3305 842 3390 Furi,
860 3294 935 3372 ante
950 3327 1007 3374 ora
1022 3308 1198 3403 Caesarum,
1209 3328 1266 3375 au·

189 3411 352 3482 ditoribus
372 3411 478 3476 Marco
493 3408 626 3476 Aurelio
643 3420 674 3476 et
690 3411 790 3478 Lucio
808 3413 904 3495 Vero,
921 3413 1043 3480 Fronto
1060 3413 1265 3482 declamabat

82 3505 87 3516 ¹
189 3541 227 3589 eo
243 3537 346 3607 usque
356 3516 452 3584 famae
462 3524 493 3582 et
507 3534 607 3604 opum
623 3527 796 3603 provectus
807 3529 845 3584 ut
860 3527 891 3584 et
902 3519 1112 3587 consulatum
1123 3530 1263 3608 gereret,

190 3635 221 3693 el
234 3621 463 3693 Mecenatianis
472 3619 576 3688 hortis
589 3620 762 3708 potiretur,
777 3632 808 3690 et
823 3623 911 3711 quod
922 3623 976 3718 his
990 3625 1145 3696 omnihus
1156 3627 1266 3717 potius

190 3743 271 3817 erat,
290 3732 416 3798 amicus
435 3727 534 3796 Marci
554 3727 681 3795 Aurelii
701 3729 842 3796 audiret.
869 3732 941 3798 llaec
961 3743 1067 3818 erant,
1084 3733 1147 3800 suh
1164 3735 1266 3801 Anto-

191 3839 290 3918 niois,
308 3838 386 3904 artis
400 3833 569 3902 rhetoricae
582 3835 728 3923 praemia,
744 3835 793 3902 hae
808 3825 933 3904 laudes.

236 3943 436 4034 lngeniosior
457 3951 526 4008 erat
541 3939 701 4031 Apuleius
716 3962 815 4030 quam
834 3952 870 4008 ut
883 3943 1013 4012 facilem
1032 3947 1072 4016 ad
1092 3948 1212 4014 lamam
1235 3959 1265 4014 et

190 4056 329 4123 honores
344 4052 429 4120 viam
444 4070 508 4117 non
522 4048 632 4115 iniret.
