2942 4722
649 165 833 240 -11-’

209 304 342 368 Ultrices
361 301 495 368 habebis
519 300 696 388 pronubas,
721 311 751 366 et
774 289 946 367 orbitdteur
970 301 1134 384 eomitenr,
1153 316 1184 370 et
1206 325 1280 392 per-

206 421 309 498 petum
322 408 525 476 eonscientiae
541 407 727 474 stimulum.
747 434 761 468 u
779 408 933 487 Quamvis
949 409 1158 494 longiuscula
1170 411 1278 480 forsan
1324 411 1326 417 ’

207 517 249 584 sit
268 517 372 584 oratio
394 525 425 582 et
437 515 557 582 ,oleum
572 514 671 581 nimis
690 513 846 592 redoleat,
860 513 1081 582 confitendum
1103 525 1212 581 tamen
1233 527 1282 584 est

207 623 385 711 Apuleium
404 622 457 688 hio
480 631 511 687 et
532 621 600 687 illio
621 621 654 686 in
677 642 713 686 ea
736 641 905 687 summum
932 621 1124 708 eloquentiae
1149 625 1280 709 tragicae

206 729 337 796 eulmen
362 729 518 814 tetigisse.
543 729 653 816 Neque
677 727 741 793 alia
761 726 828 794 haee
850 728 953 793 oratio
977 727 1087 795 minus
1105 729 1281 816 conspicua

207 847 266 920 est,
283 857 347 924 qua
361 855 499 902 noverea
519 833 671 923 privigno
685 853 829 900 amorem
844 853 943 900 suum
959 835 1073 921 aperit.
1090 834 1225 902 Videtur
1244 836 1281 900 in

206 963 244 1010 ea
264 941 424 1030 Apuleius
444 939 600 1028 inclytam
621 939 713 1005 illam
733 938 867 1006 Phedrae
885 959 992 1006 eoram
1012 939 1186 1028 Hippolyto
1202 961 1281 1008 oon-

206 1047 378 1114 fessionem
412 1046 554 1138 Racinio
574 1055 685 1113 nostro
716 1056 873 1134 tanquam
906 1044 1113 1112 indicavisse.
1146 1048 1281 1114 Iuvenis

207 1152 291 1220 nihil
310 1153 502 1220 etiamtunc
521 1151 656 1240 sequius
679 1151 875 1239 suspicatus,
895 1151 1058 1218 submisso
1073 1153 1169 1220 vultu
1188 1167 1281 1240 rogat

211 1259 300 1325 ultro
323 1257 490 1346 praesentis
515 1277 629 1324 causas
661 1256 878 1343 egritudinis.
909 1259 1001 1324 Tune
1029 1257 1087 1323 illa
1123 1258 1279 1347 (noverea)

207 1375 303 1432 nacta
316 1364 504 1432 solitudinis
522 1363 713 1432 damnosam
729 1363 943 1448 occasionem,
959 1367 1145 1454 prorumpit
1163 1367 1197 1431 in
1218 1387 1281 1434 au-

207 1471 352 1554 daniam3
380 1482 412 1538 et
443 1470 585 1538 ubertim
617 1469 856 1557 adlaorymans,
891 1469 1073 1557 laciniaque
1107 1481 1281 1559 contegens

205 1578 336 1663 faeiem,
346 1598 423 1644 voce
434 1576 560 1665 trepida
568 1576 613 1642 sio
623 1596 702 1642 enm
715 1574 858 1642 breviter
873 1575 1016 1642 affatur:
1033 1575 1160 1644 «Causa
1174 1580 1281 1647 omnis

139 1682 142 1688 '
207 1695 238 1750 et
253 1685 345 1770 origo
366 1684 533 1772 praesentis
552 1682 690 1764 dolona,
707 1692 738 1748 et
758 1681 856 1748 etiam
880 1681 1009 1751 medela
1030 1683 1117 1772 ipsa,
1138 1696 1170 1753 et
1193 1684 1281 1754 salus

128 1863 130 1869 s
207 1789 317 1875 unica,
333 1789 416 1856 mihi
432 1799 500 1855 tute
510 1788 578 1875 ipse
592 1799 638 1854 es,
654 1787 710 1853 lsti
727 1789 816 1854 enim
833 1787 881 1854 tui
896 1788 983 1854 oeuli
995 1809 1053 1877 per
1067 1810 1155 1858 meos
1170 1791 1281 1860 oeulos

107 1907 112 1917 “
207 1896 247 1963 ad
274 1896 391 1962 intima
419 1895 544 1982 delapsi
574 1895 764 1982 precordia,
791 1895 872 1960 meis
901 1893 1055 1962 medullis
1083 1897 1281 1968 acerrimum

207 2012 412 2070 commovent
427 2001 629 2068 incendium.
652 2003 738 2086 Ergo
753 2001 904 2093 miserere
918 2013 976 2068 tna
990 2022 1087 2069 cansa
1102 2006 1278 2090 pereuntis.

208 2110 270 2174 Neo
297 2120 327 2174 te
351 2109 466 2194 religio
494 2108 596 2194 patris
623 2107 758 2172 omnino
794 2106 981 2175 deterreat:
1007 2109 1062 2174 oni
1085 2110 1281 2200 morituram

206 2235 340 2303 prorsus
351 2213 494 2281 servabis
502 2200 645 2280 uxorem.
658 2212 749 2278 lllius
761 2213 848 2279 enim
858 2233 1090 2298 recognoscens
1101 2216 1280 2302 imaginem

187 2322 241 2387 ‚in
266 2334 321 2388 tua
346 2320 446 2406 faeie,
471 2320 587 2387 merito
612 2329 641 2385 te
664 2317 780 2404 diligo.
808 2317 913 2385 Habes
938 2320 1125 2388 solitudinis
1149 2322 1281 2409 plenam

206 2427 373 2512 fiduciam,
385 2425 486 2494 habas
499 2446 598 2513 capax
613 2425 785 2492 necessarii
800 2425 951 2491 facinoris
966 2426 1083 2492 otium.
1099 2429 1180 2496 Nam
1192 2431 1281 2518 qnod

208 2553 304 2600 nemo
318 2532 422 2612 novit,
437 2551 528 2619 paene
544 2551 608 2597 non
624 2530 660 2595 [it
674 2537 694 2595 ¹.
708 2556 723 2590 u

183 2663 185 2669 ·
251 2619 324 2706 Heio
339 2651 416 2712 sunt
431 2625 599 2704 rhetoricae¹
613 2637 760 2725 premia,
778 2638 833 2704 sed
846 2659 946 2726 quam
959 2644 1050 2706 rara!
1064 2643 1206 2710 Pessima
1218 2643 1281 2710 ista

121 2735 127 2750 '
188 2747 378 2834 magistra,
399 2765 474 2812 oum
500 2755 566 2811 tota
586 2745 745 2832 progenie
763 2755 868 2812 suaet
882 2746 1097 2833 supellectile,
1113 2769 1189 2816 oum
1204 2749 1281 2816 sali·

128 2918 130 2922 .
206 2854 270 2921 bus
291 2851 536 2942 leporibusqne,
554 2861 669 2934 totam,
691 2861 729 2918 ut
752 2850 908 2936 diximus,
933 2852 1079 2921 fabulam
1102 2854 1278 2922 infestavit.

147 2962 149 2966 ’
207 2963 269 3041 Qui
285 2960 385 3028 salesl
407 2959 465 3048 qui
484 2959 626 3046 lepores!
643 2957 736 3024 lllius
751 2958 849 3046 culpa
868 2969 929 3043 est,
945 2959 974 3025 si
991 2962 1045 3026 vix
1067 2983 1134 3028 uua
1157 2961 1191 3028 in
1214 2972 1282 3029 toto

206 3066 292 3133 lihro
315 3065 442 3154 phrasis
466 3063 604 3151 simplex
628 3064 670 3128 sit
694 3073 726 3128 et
748 3063 888 3132 candida
907 3075 937 3130 et
959 3067 1119 3134 naturalis
1130 3090 1141 3152 3
1166 3069 1194 3134 si
1207 3089 1282 3156 per-

207 3174 320 3240 multae
330 3172 510 3239 locutiones
520 3169 598 3237 huie
610 3169 786 3236 simillimae
797 3183 992 3240 occurrant:
1009 3197 1025 3236 ι
1032 3175 1280 3262 Simplicitatem

206 3279 373 3347 relationis
392 3298 472 3345 meae
491 3277 663 3344 tenacitate
686 3277 918 3345 taciturnitatis
938 3291 1001 3346 tue
1017 3299 1245 3364 remunerare,
1258 3305 1275 3344 »

207 3399 266 3454 aut
283 3387 347 3471 illi,
367 3405 440 3473 quae
458 3381 513 3450 via
525 3383 670 3469 intelligi
684 3392 790 3470 potest
805 3407 813 3450 :
827 3409 843 3445 o
854 3384 1027 3450 Communi
1044 3385 1192 3453 numinis
1211 3386 1291 3473 pias

207 3504 318 3561 mento
330 3492 457 3559 vinariae
467 3489 687 3557 uenerationis
696 3490 860 3556 incertum
873 3490 1078 3574 sustineho²;
1090 3516 1106 3554 u
1121 3510 1180 3578 per
1188 3491 1280 3558 illam

207 3600 243 3668 fit
258 3610 295 3668 ut
309 3598 431 3688 pagina
445 3596 513 3663 haeo
530 3594 756 3680 deminutivis‚
773 3594 831 3660 illa
846 3614 922 3662 vero
941 3593 1153 3662 barbarismis
1166 3596 1281 3684 pullu-

207 3710 268 3791 let;
291 3719 327 3775 ut
348 3707 439 3776 tedae
459 3704 623 3794 nuptiales
641 3704 794 3792 lacrymis
815 3703 1092 3791 extinguantur³3
1109 3714 1146 3773 ut
1159 3703 1280 3794 Psyche

207 3814 247 3880 ad
269 3835 346 3880 suos
369 3815 482 3880 dicet:
508 3826 524 3874 o
536 3812 620 3890 Quid
645 3811 793 3878 laceratis
814 3811 849 3876 in
864 3812 979 3878 vestris
1004 3812 1109 3880 oeulis
1132 3833 1204 3880 mea
1229 3812 1281 3878 lu·

245 4061 251 4091 ¹
273 4061 346 4108 roni.
367 4059 385 4119 ι,
404 4073 428 4121 μ.
445 4059 507 4119 ost,
521 4060 582 4108 oar.
603 4083 638 4094 -
656 4057 666 4088 ι
686 4055 739 4120 la,
756 4072 780 4120 p.
800 4058 861 4107 soa.
878 4083 912 4094 -
931 4057 941 4089 ³
961 4058 1016 4120 m,
1033 4071 1057 4120 p.
1075 4059 1135 4108 ara.
