2942 4722
687 217 788 285 ..41
811 259 856 268 ..

190 315 195 326 ι
218 319 313 416 -lium
328 345 523 436 percalleat‚
545 342 603 412 ubi
620 365 670 412 res
689 345 736 410 ita
749 345 832 430 fert,
848 353 1025 411 ostentare.
1050 346 1090 410 lle
1105 343 1193 412 lndis
1208 339 1308 412 verba

227 455 367 537 iaciens,
383 452 496 542 praelia
509 452 596 519 inter
609 473 643 519 se
659 451 861 541 serpentium
877 451 1195 541 elephantorumque
1210 450 1309 518 attin·
1350 533 1352 546 Ι

153 617 156 626 t
183 571 198 586 '
228 561 293 648 git¹
307 612 314 626 .
330 560 465 628 Psittaci
481 557 569 647 (novi
585 569 663 626 tunc
679 557 846 646 miraculi)
861 568 892 624 et
905 558 1045 624 formam
1061 567 1092 624 et
1108 577 1226 641 morae,
1242 555 1306 622 Pli-
1412 559 1416 573 '

227 667 322 734 nium
337 677 481 751 secutae,
497 665 742 733 accuratissime
761 664 916 733 describit
924 665 950 730 ².
966 648 1049 732 Nea
1067 662 1158 732 falsis
1173 662 1306 752 quidem

226 783 257 842 et
271 771 458 862 puerilibus
472 774 678 858 commentis,
696 773 876 841 dummodo
891 772 1025 840 doctum
1045 781 1135 858 agat,
1152 769 1304 846 abstinet.

227 881 279 948 Sic
299 891 330 947 et
349 881 496 970 viperam
517 881 562 947 ait
577 881 671 974 exeso
693 880 808 948 matris
826 891 920 947 utero
939 880 974 946 iu
989 880 1098 946 lucem
1119 896 1308 967 proserpere
1402 963 1407 972 η

228 998 259 1055 et
277 986 453 1077 parricidio
468 987 577 1074 gigni,
596 998 628 1052 et
642 985 823 1055 crocodilo³
839 987 953 1054 dentes
966 986 1080 1052 multis
1093 981 1308 1051 hirudinibus

228 1093 419 1182 implicitos,
433 1095 603 1160 fiuvialem
619 1115 712 1162 avem
728 1104 832 1162 rostro
846 1095 1031 1183 exscalpere
1045 1103 1076 1158 et
1092 1111 1247 1180 purgare.

219 1279 221 1284 ,
271 1202 342 1268 Non
356 1200 531 1268 historicus
549 1213 597 1268 est
615 1202 827 1291 (quamquam
843 1201 917 1291 quis
931 1201 991 1268 scit
1014 1219 1056 1266 an
1073 1218 1139 1264 non
1157 1197 1306 1285 aliquam

154 1383 157 1392 ,
221 1305 396 1397 ¹historiam
416 1307 682 1397 conscripserim)
707 1331 716 1374 ε
737 1330 843 1398 neque
862 1319 973 1374 tamen
993 1304 1036 1372 ab
1050 1303 1187 1397 agendis
1205 1302 1308 1369 histo·

225 1413 286 1480 rici
304 1423 336 1480 et
359 1414 542 1503 geographi
567 1414 715 1503 partibus
740 1414 894 1482 abstinet.
922 1416 963 1480 lle
987 1412 1077 1480 ludis
1105 1408 1306 1496 diversisque
1376 1433 1377 1437 ¹

226 1521 314 1609 apud
340 1541 394 1588 eos
414 1520 588 1589 hominum
611 1521 806 1609 generibus,
825 1543 968 1610 quorum
991 1520 1151 1587 rationem
1173 1516 1306 1584 nonita

226 1638 311 1696 recte
333 1628 461 1696 novisse
486 1629 629 1715 videtur,
655 1627 887 1696 declamatoria
910 1628 1036 1717 aliquot
1064 1624 1164 1692 verba
1187 1623 1306 1707 lacit⁴;

225 1755 341 1803 verum
353 1736 412 1802 etsi
425 1757 543 1824 parum
555 1735 683 1820 doctae,
696 1737 786 1825 apud
796 1735 945 1803 homines
957 1735 1068 1801 minus
1078 1732 1190 1816 etiam,
1205 1749 1305 1819 quam

226 1852 293 1909 erat
306 1843 388 1933 ipse,
407 1843 532 1920 doctos,
548 1842 759 1931 loquebatur.
772 1846 814 1910 De
826 1841 1026 1921 Alexandro,
1043 1850 1079 1907 ut
1092 1861 1163 1906 mos
1177 1837 1305 1904 tamdiu

216 1947 302 2034 -fuit,
323 1949 437 2016 inania
455 1959 487 2016 et
508 1948 603 2034 falsa,
625 1969 680 2016 ore
702 1949 857 2034 rotundo,
878 1946 1017 2031 effutit⁵,
1040 1966 1117 2013 eum
1136 1943 1306 2033 inprimis

223 2055 364 2124 laudans
386 2080 403 2117 a
419 2054 508 2144 quod
526 2057 641 2123 nolens
657 2077 676 2122 a
695 2056 811 2123 multis
830 2054 1009 2122 artificibus
1024 2055 1126 2140 vulgo
1144 2049 1306 2118 contami-

222 2165 309 2248 nari,
326 2162 600 2230 edixit-universo
617 2163 689 2230 orbi
703 2185 764 2231 suo
779 2164 908 2253 nequis
923 2162 1066 2248 effigiem
1084 2160 1170 2247 regis
1185 2171 1305 2226 temere

224 2269 432 2353 assimilaret,
449 2290 523 2352 aere,
545 2269 668 2355 colore,
689 2271 869 2340 colamine.
894 2269 1130 2337 »Praeclarum
1149 2265 1304 2354 qhideml

223 2377 339 2444 Infelix
355 2397 433 2443 sane
448 2397 514 2466 prae
532 2377 646 2443 ceteris
667 2377 851 2445 Alexander
866 2377 946 2456 fuit,
969 2374 1058 2464 qnod
1073 2384 1199 2440 tantam
1220 2381 1306 2438 tam—

223 2505 288 2573 que
307 2484 498 2575 loquacem,
521 2497 751 2572 postmortem
773 2505 886 2570 suam,
904 2482 1165 2552 declamatorum
1186 2498 1305 2566 proge-

223 2592 313 2658 niem
333 2591 496 2678 genuerit.
523 2589 735 2680 Geograpbiae
754 2611 830 2658 vero
851 2611 957 2677 genus
979 2608 1113 2678 prorsus
1136 2583 1305 2654 consimile

223 2698 320 2784 colit,
343 2708 375 2765 et
398 2698 487 2787 quod
510 2699 778 2766 declamatoriam
796 2696 1033 2785 geographiam
1055 2692 1302 2783 appellaverim.

223 2805 276 2873 Sic
295 2795 516 2872 de‘lndorum
541 2803 691 2892 regione⁶
715 2804 861 2893 incipit:
894 2829 909 2865 «
926 2803 1014 2886 ludi,
1039 2821 1120 2888 gens
1145 2796 1305 2888 populosa

223 2909 425 2995 cultoribus,
448 2925 480 2977 et
496 2910 618 2978 finibus
634 2911 789 2994 maxima,
805 2908 921 3000 procul
937 2930 956 2975 a
970 2906 1064 2974 nobis
1084 2905 1124 2972 ad
1140 2905 1302 2972 Orientem

223 3017 291 3104 siti,
304 3039 403 3108 prope
420 3017 538 3084 Oceani
549 3017 687 3086 reflexus
700 3028 731 3085 et
748 3017 826 3084 solis
841 3028 987 3094 exortus
999 3013 1114 3105 primis
1127 3011 1302 3095 sideribus,

223 3124 351 3192 ultimis
364 3125 471 3208 terriS,
488 3145 586 3213 snper
599 3125 770 3214 AEgyptios
786 3124 946 3208 eruditoS,
963 3134 995 3190 et
1008 3123 1025 3188 J
1030 3121 1137 3190 urlaeos
1151 3117 1305 3207 supersti-

224 3230 334 3314 tiosos,
347 3241 377 3297 et
387 3229 579 3298 Nabathaeos
592 3242 801 3318 mercatores,
815 3241 847 3298 et
859 3223 1301 3309 fluxosvestiumArsacidas,

222 3347 255 3404 et
268 3337 405 3424 frugum
424 3357 584 3426 pauperes
605 3339 759 3422 lturaeos,
779 3349 811 3405 et
832 3337 971 3406 odorum
992 3335 1109 3402 divites
1129 3330 1265 3398 Arabas.
1282 3357 1298 3394 »

222 3443 464 3533 Ocloquentem
478 3442 705 3532 geographum
717 3447 724 3510 l
738 3444 827 3512 Alias
841 3445 882 3512 de
894 3439 1128 3512 insulaSamo²
1142 3437 1304 3506 nonnulla

222 3551 402 3620 modestius
430 3549 596 3640 loquitur,
623 3549 680 3617 sed
702 3571 739 3618 eo
763 3550 898 3618 consilio
922 3562 959 3618 ut
983 3551 1025 3617 ad
1050 3531 1303 3615 descrihenddm

206 3657 357 3745 ,signum
382 3658 566 3747 quoddam,
593 3657 628 3723 in
656 3657 776 3746 templo
803 3657 943 3725 lunonis
969 3658 1132 3746 positum,
1162 3650 1302 3718 induca-

223 3775 278 3832 tur
302 3787 310 3829 ε
336 3767 370 3832 in
394 3788 460 3855 qua
482 3765 616 3856 quidem
641 3763 857 3854 descriptione
880 3764 1120 3833 declamatorie
1141 3761 1303 3829 facundia

216 3869 367 3942 habenas
380 3873 543 3941 immittit.
954 3884 959 3893 '
1043 3865 1045 3870 ’

219 4053 222 4060 -
257 4033 267 4067 ¹
286 4033 415 4095 roam.
432 4063 467 4074 -
486 4036 572 4098 ²1ct.‚
589 4037 631 4088 u.
649 4064 684 4074 -
703 4035 715 4065 ⁸
733 4035 822 4100 iper..
840 4037 902 4089 soe.
919 4063 953 4071 -
973 4032 983 4066 r·
1001 4035 1058 4097 rr..
1074 4037 1100 4088 e.
1114 4062 1149 4072 -
1167 4031 1178 4065 r
1199 4025 1300 4093 ra.‚'r.
1376 4005 1379 4011 ’

222 4145 253 4156 -
274 4117 612 4185 ⁸1a‚o.-rra.,rs.
834 4129 837 4133 ¹
1262 4112 1269 4122 '
