2942 4722
186 365 350 457 luptates,
369 365 568 440 curiositatis
589 364 798 454 improspera
819 365 991 435 sinistrum
1020 369 1194 458 premium
1220 390 1272 436 re-

94 479 98 483 ’
186 475 325 566 portasti
329 525 396 542 .....
435 475 572 538 Videant
601 474 784 559 irreliqiosi,
805 473 933 540 videant
956 485 987 541 et
1009 499 1149 542 errorem
1174 499 1270 542 sacrm

186 593 417 668 tecoynoscont.
447 583 494 648 En
520 601 592 650 ecce
616 581 763 670 pristinis
787 582 944 649 aetutnnis
969 581 1160 670 absolttliIS,
1176 585 1271 654 Isidis

186 708 318 777 magnae
330 689 535 779 providentia
550 689 711 776 gaudens,
729 689 855 756 Lucius
866 689 906 756 de
920 709 981 758 sna
994 691 1127 758 fortuna
1148 693 1271 762 trium-

186 793 279 884 phat.
296 798 366 876 Quo
388 795 573 862 tibi'toman
599 795 704 862 tutior
721 795 765 862 sis
789 807 887 884 etque
907 797 1081 877 munitior,
1097 799 1138 862 do
1158 815 1271 867 nomen

186 901 261 966 huic
275 885 393 967 roortoe
406 903 603 984 eatttr2·ae;...‚
622 911 717 990 teque
730 903 804 990 jam
823 901 1084 992 nunc‘obssqtrio
1099 905 1277 992 religionis

186 1002 306 1076 nostrae
328 1009 455 1095 dedica«,
472 1019 504 1076 et
525 1009 700 1072 ministerii
707 1010 824 1094 juqrtm
842 1010 914 1072 subi
934 1011 1165 1108 voluntarium.
1187 1015 1280 1080 Nam*

158 1156 164 1168 ι
186 1140 284 1204 qaum
304 1118 431 1202 coeperis
455 1116 532 1181 Deos
545 1118 676 1195 serrare,
703 1126 778 1179 lunc
798 1117 899 1203 necyia
914 1119 1027 1182 sentias
1042 1122 1188 1196 frutetum-
1208 1131 1275 1186 tace

186 1225 355 1292 libertatis.
376 1251 392 1286 u

231 1332 371 1412 Quodsi
390 1351 497 1399 unum
521 1330 615 1399 Isidis
630 1351 751 1398 nomen
773 1331 928 1420 excipias,
945 1350 1026 1400 num
1052 1333 1148 1401 aliter
1169 1334 1271 1402 rerba

183 1439 351 1506 facturum
365 1438 467 1506 fuisse
482 1437 700 1505 christianum
716 1432 917 1506 sacerdotem
926 1444 1054 1527 putas?
1070 1442 1183 1508 Nonne
1200 1461 1272 1510 om·

138 1627 141 1632 ¹
186 1545 242 1614 nia
256 1545 336 1629 hmo,
358 1567 417 1613 neo
431 1563 529 1614 sensu
545 1545 655 1628 modo,
667 1545 724 1613 scd
737 1555 768 1612 et
780 1546 861 1635 ipsis
873 1545 993 1632 verbis,
1009 1567 1081 1614 vere
1095 1547 1272 1616 christiana

184 1657 286 1721 sunt?
304 1657 418 1722 Nonne
433 1651 552 1719 Christi
576 1652 766 1718 ministrum
782 1651 822 1718 de
841 1651 997 1719 cathedra
1010 1654 1272 1742 triumphantem

185 1759 356 1845 audimus,
384 1758 617 1847 quod·divinse
638 1759 753 1845 gratiae
777 1758 920 1824 fulmine
944 1759 1150 1846 irreligiosus
1173 1761 1273 1830 homo

186 1877 295 1936 tactus
309 1879 342 1935 et
353 1878 532 1950 conversus
546 1866 615 1931 sit?
635 1864 702 1931 Sed·
712 1864 793 1952 quid
809 1864 997 1934 cathedram
1015 1867 1131 1954 fingo?
1144 1870 1271 1955 Nonne,

188 1974 308 2063 reipsa,
339 1982 565 2061 grammateus
596 1997 611 2032 κ
640 1971 681 2038 de
703 1971 842 2038 sublimi
867 1984 1042 2059 suggestu,
1065 1973 1175 2040 fausta
1198 1985 1273 2041 vota
1303 1999 1305 2004 ·

186 2090 340 2170 precatur
358 2079 499 2169 principi
521 2099 656 2164 magno,
673 2077 870 2168 senatuique
886 2089 916 2145 et
937 2079 1042 2168 equiti
1062 2081 1187 2171 totique
1211 2078 1274 2149 No

187 2209 286 2255 mano
301 2187 425 2278 populo
440 2190 470 2250 ¹‘t
486 2211 501 2246 u
516 2187 590 2252 Jam
604 2205 707 2274 prope
722 2205 814 2251 aram
836 2197 964 2254 erectus
977 2199 1025 2254 est
1040 2199 1204 2275 augustus
1217 2189 1285 2256 itte„

188 2305 381 2383 suggestus,
399 2291 551 2360 inaudita
567 2291 646 2358 olim
662 2292 851 2379 eloquentia
865 2304 1055 2362 sanaturus.
1135 2287 1137 2293 ’

234 2404 345 2492 Neque
370 2400 554 2469 sacerdotes
578 2399 675 2467 modo
697 2399 875 2468 christiano
901 2421 1050 2469 sermons
1074 2401 1272 2490 loquuntur.

190 2509 377 2578 Audiamus
390 2508 543 2592 Lucium,
557 2508 627 2595 jem
644 2526 853 2588 conversum,
867 2509 1016 2576 nondum
1032 2521 1123 2576 sacro
1135 2508 1273 2598 collegio

150 2685 157 2696 ,
190 2615 410 2684 admissum:
443 2639 461 2677 a
485 2615 553 2680 Dee
581 2613 774 2680 ministeriis
801 2612 909 2681 adbuc
934 2616 1071 2704 privatis
1091 2617 1272 2704 appositus

190 2721 483 2810 contuberniisque
504 2721 713 2814 sacerdotnm
728 2719 937 2800 individuus,
953 2733 984 2790 et
999 2725 1147 2791 numinis
1161 2726 1276 2811 magni

190 2830 299 2898 cultor
312 2821 553 2920 inseparabilis.
567 2829 631 2895 Nec
645 2828 709 2894 fcit
721 2847 785 2895 nox
798 2846 878 2910 una,
893 2829 944 2896 tel
958 2831 1051 2918 quies
1066 2829 1189 2920 aliqua,
1201 2832 1274 2898 visu

190 2941 268 3006 Dcee'
280 2938 476 3027 monituque
487 2937 621 3025 jejuna3
642 2935 699 3003 sed
711 2935 835 3004 crebris
850 2937 1009 3026 imperiis,
1025 2938 1125 3004 sacris
1139 2938 1208 3006 suis
1222 2959 1274 3004 me

114 3027 118 3034 ¹
188 3043 405 3134 jamdudum
426 3043 640 3127 destinatum,
655 3063 744 3110 nunc
766 3042 881 3110 saltem
901 3043 1053 3110 censebat
1076 3043 1213 3111 initiari.
1232 3047 1274 3110 At

192 3170 268 3242 ego,
298 3168 491 3238 quanquam
511 3148 658 3237 cupienti
682 3147 852 3216 voluntate
874 3151 1042 3240 preditus,
1065 3162 1174 3218 mmcn
1199 3152 1276 3218 reli-

192 3260 286 3348 giosa
298 3257 475 3324 formidine
498 3255 709 3343 retrahebar3
726 3257 916 3346 quodecim
934 3257 1049 3326 sedulo
1064 3271 1293 3348 percontatae·

193 3371 264 3434 ram
280 3363 413 3433 dillioile
426 3363 596 3451 religionis
609 3362 821 3453 obsequium,
837 3375 869 3430 ei
888 3366 1158 3434 castimoniarum
1173 3365 1274 3435 absti-

192 3473 340 3542 nentiam
354 3471 433 3540 satis
453 3470 604 3556 arduam,
620 3481 786 3560 cautoque·
806 3471 1048 3562 circumspectu
1069 3472 1186 3559 vitam,
1202 3495 1275 3563 quae

87 3665 89 3671 ,
192 3579 308 3648 multis
322 3577 453 3646 casibus
473 3576 634 3666 subjacet,
651 3597 719 3644 esse
741 3578 987 3645 muniendam².
1004 3605 1020 3640 u
1042 3579 1207 3648 Habemus
1218 3582 1274 3670 ju·

192 3689 285 3756 venis
307 3685 479 3754 christiani
502 3672 751 3772 contessionem,
773 3697 951 3774 antequam
975 3699 1088 3756 sancta
1103 3689 1171 3757 baee
1186 3699 1274 3774 vota,

193 3793 316 3883 quibus
338 3793 373 3860 in
395 3801 594 3882 perpetuum
617 3791 792 3880 ligabitur,
813 3789 983 3884 nuncupet
990 3816 1002 3880 3
1019 3795 1181 3865 hahemus
1201 3817 1274 3864 san-

191 3905 278 3970 ctam
290 3901 441 3969 adbenm
451 3897 668 3988 vocationem,
682 3921 783 3992 qumn
793 3902 901 3966 erebra
911 3903 1046 3992 imperta
1057 3903 1255 3974 denuntiant

203 4147 212 4180 r
228 4147 304 4198 qom.
320 4145 341 4207 1,
352 4158 377 4208 p.
399 4145 459 4196 789.
479 4170 519 4230 -3
534 4143 545 4174 ¹
565 4145 621 4207 Id„
632 4159 659 4210 p.
674 4144 737 4208 792,
754 4145 818 4199 795.
884 4175 887 4184 v
