2942 4722
651 226 831 292 ..15-

193 353 284 420 rniua
295 355 350 420 Ὗ»
364 361 394 418 et
405 351 529 439 Cupido
542 371 657 418 rursus
670 351 711 418 a'd
722 352 887 440 Psychen:
905 352 998 420 «Dias
1010 353 1127 420 ultima
1137 365 1167 421 et
1180 376 1274 424 casus

194 469 360 526 extremus
375 469 407 524 et
426 478 521 524 sexus
540 457 678 525 iulestus
699 468 730 524 et
749 459 884 544 sanguis
903 459 1059 528 inimicus
1071 461 1141 548 jam
1156 465 1273 530 sumsit

196 586 288 632 arma
300 576 332 632 et
346 575 451 632 castra
463 565 640 632 commovit
655 577 686 631 et
702 565 805 632 aciem
820 564 938 646 direxit
957 576 989 634 et
1010 567 1183 636 classicum
1199 591 1274 658 per-

196 671 389 754 sonavit²;»
414 671 473 738 illa
499 680 547 738 est
567 692 640 759 quae
665 670 743 738 talia
762 671 958 752 latronibus,
983 694 1085 740 anum
1107 676 1275 765 alloquen—
1364 751 1367 754 ,

198 778 296 864 ribus,
309 776 410 846 dictat
426 801 434 844 ε
452 778 626 845 «Etiamne
640 787 690 863 tu,
703 776 792 846 busti
805 779 942 846 cadaver
951 785 1146 867 extremum,
1160 793 1191 848 et
1202 784 1276 851 vitae

196 885 334 956 dedecus
348 885 509 974 primum,
528 894 560 952 et
574 884 647 951 Oroi
660 884 831 952 fastidium
846 886 955 953 solum
966 885 977 922 ³
985 909 995 970 ;
1011 913 1027 948 »
1045 909 1118 976 quae
1130 889 1276 978 philoso-

196 991 308 1080 phicas
329 992 506 1060 sententias
524 1011 633 1059 servos
657 1011 863 1078 expromere,
888 1005 919 1060 et
939 995 1101 1082 captivam
1126 998 1272 1085 puellam

197 1097 382 1166 Athracidis
403 1109 434 1166 et
450 1097 620 1166 Protesilai
646 1096 774 1164 doctius
797 1119 897 1186 quarn
921 1103 1140 1190 opportunius
1159 1105 1277 1171 memi-
1339 1159 1343 1166 .

198 1189 675 1292 uissejuliet⁴.Quidruultal
731 1213 738 1230 ·

324 1345 461 1398 (laterado
473 1359 570 1410 genere
583 1348 644 1406 hoc,
660 1347 726 1400 adeo
741 1355 805 1400 sunt
818 1349 913 1414 multa,
925 1350 1063 1411 loquacem

321 1435 459 1486 Delassare
469 1436 560 1487 valent
572 1437 688 1488 Fabium
692 1471 748 1492 .....

243 1554 363 1622 Nullus
378 1543 518 1624 demum¹
532 1557 567 1622 iu
581 1566 651 1624 tota
664 1539 779 1624 fabula
796 1559 942 1644 angulus
957 1569 1017 1642 est,
1037 1569 1072 1625 ut
1091 1559 1136 1626 ita
1155 1559 1277 1645 dicam,

198 1663 232 1726 in
246 1681 313 1748 quo
334 1662 399 1728 uon
422 1674 576 1750 appareat
590 1663 751 1751 Apuleius
770 1665 852 1751 ipse,
875 1685 908 1731 se
931 1674 1192 1751 irrumperem,
1208 1685 1279 1752 ges·

198 1778 284 1852 tum,
300 1767 466 1846 habitum,
479 1781 617 1854 vastem,
641 1773 744 1836 instar
763 1769 976 1859 Telephronis
997 1771 1278 1839 narratiunculam

199 1893 293 1956 suam
308 1873 508 1962 incipientia,
533 1886 608 1942 aute
630 1897 686 1942 ora
708 1876 930 1963 audientium,
947 1877 1132 1945 doctissime
1148 1899 1280 1966 compo-

200 1999 292 2046 nens.
308 1982 462 2048 Horatius
481 1982 527 2049 ait
542 1985 721 2050 Homerum
744 1983 913 2050 interdum
939 1983 1128 2050 dormitare.
1149 1984 1279 2050 Utinam

201 2097 234 2152 et
249 2099 358 2155 noster
371 2088 552 2173 interdum,
568 2089 602 2154 in
617 2087 668 2155 his
683 2089 752 2156 suis
768 2089 908 2173 artibus,
925 2090 1133 2157 dormitaret!

273 2535 326 2585 Vll.
347 2561 382 2570 -
401 2534 487 2614 QUID,
516 2533 587 2584 SlVll
616 2534 647 2583 ΙΝ
674 2533 884 2594 nuracrlssus
916 2533 987 2584 srvit
1013 2534 1044 2584 ΙΝ
1069 2534 1208 2587 MORlBUS

561 2629 777 2684 DEPINGENDIS
805 2628 926 2683 VERUM.

248 2828 356 2892 Pauca
371 2833 449 2892 sunt
461 2844 550 2908 saue,
566 2824 632 2890 imo
643 2821 852 2910 paucissima.
865 2819 1049 2899 Quidenim
1060 2823 1190 2890 veritati
1203 2845 1278 2892 cum

203 2932 335 3018 magia‘l
356 2935 390 2998 lu
409 2930 519 3016 magia
540 2939 650 2996 autem
675 2947 766 3015 paenc
789 2936 856 2992 tota
877 2925 991 2992 fabula
1013 2927 1119 3013 posita
1140 2940 1200 2995 est.
1217 2929 1282 2998 Ubi

203 3039 386 3124 legentium
402 3037 585 3124 voluptase
603 3032 725 3101 talibus
739 3030 918 3120 praesertim
934 3030 1061 3100 artibus
1073 3033 1207 3122 petitur,
1218 3037 1282 3103 rni-

203 3146 333 3212 nimum
344 3144 408 3211 loci
422 3143 513 3210 seriae
524 3161 671 3228 veraeque
682 3139 859 3206 affectuum
871 3147 906 3204 et
917 3139 1283 3211 morumabservationt
1355 3165 1360 3174 ⁸

204 3252 481 3340 descriptiunique
492 3256 591 3315 restat
607 3272 614 3312 :
629 3247 689 3313 hoc
700 3257 811 3313 autem
823 3255 870 3310 est
882 3244 969 3332 quod
979 3245 1233 3332 philosophicum
1247 3249 1282 3316 iu

127 3337 130 3350 ⁶
206 3359 264 3426 tali
283 3380 377 3448 opere
392 3355 588 3423 vocaverim.
606 3355 646 3418 Ut
666 3351 790 3440 aliquid
815 3349 979 3438 ejusmodi
1001 3352 1035 3418 in
1057 3352 1169 3420 fabula
1190 3355 1280 3440 insit,

204 3487 271 3532 non
297 3475 426 3531 tantum
450 3461 609 3530 delectare
632 3459 711 3526 volit
736 3458 873 3544 scriptor
898 3467 1037 3544 oportet,
1056 3459 1112 3526 sed
1131 3459 1284 3526 delectare

204 3573 374 3652 monendo‚·
392 3582 489 3658 atque
505 3579 541 3636 ut
555 3565 717 3633 monendo
733 3562 882 3640 delectet,
900 3583 1028 3630 necesse
1043 3575 1090 3630 est
1104 3565 1201 3632 illurn
1219 3568 1283 3634 Ho-

205 3680 281 3748 ratii
295 3689 453 3768 praeoepto
467 3694 594 3765 parere,
612 3692 717 3759 quum
735 3670 813 3736 dicit
830 3692 838 3733 :

349 3848 489 3912 Respicere
503 3845 637 3909 exemplar
652 3843 712 3893 ritae
726 3854 884 3905 morumque
893 3841 995 3904 jubebo

348 3950 459 3998 Doctum
470 3943 633 3996 imitatorem
645 3949 671 3992 et
682 3953 757 3992 veras
767 3940 829 3990 hino
841 3939 938 3990 ducere
954 3953 1040 3991 voces.

956 4025 963 4047 Ι

247 4131 254 4161 ¹
275 4128 382 4187 Toml,
396 4141 419 4190 p.
433 4125 495 4177 stt.
509 4149 544 4160 -
563 4122 573 4154 ²
594 4122 687 4184 1d.‚p.
702 4119 830 4171 ill-³
852 4121 1014 4182 1d.‚p250.
1030 4151 1056 4157 --
1080 4121 1090 4153 '¹
1110 4123 1164 4184 ld,
1182 4139 1207 4186 p.
1222 4125 1282 4174 ο295.
