2942 4722
650 260 759 338 -'57
783 311 827 321 ..

200 399 360 482 maxime,
377 397 433 464 sed
453 396 541 484 qtmd
572 394 736 463 laboranti
764 397 877 482 generi
900 395 1046 466 humano
1074 401 1184 470 minos
1206 425 1280 493 pro·

201 506 292 572 desse
307 513 434 594 poterat
452 506 473 569 ¹.

342 677 398 727 Nou
411 675 459 725 tali
473 674 573 726 auxilio
584 687 633 727 nec
646 639 837 728 defensoribus
855 677 916 728 istis

302 785 308 794 ·
343 766 460 828 Tempus
472 771 578 828 eget...

245 916 355 993 Ortum
371 911 440 979 haec
455 910 575 999 aliquis
597 911 692 998 legit,
705 911 892 979 humanum
914 913 1101 1000 ingenium,
1119 916 1154 982 in
1169 917 1282 984 infima

199 1031 231 1088 ct
248 1017 419 1086 tenebrosa
438 1017 646 1102 immersum,
662 1019 797 1085 omnino
822 1019 964 1107 caligare
988 1020 1158 1109 intelligit,
1176 1033 1207 1090 et
1226 1046 1281 1091 ex-

200 1127 321 1194 clamat
338 1147 347 1189 ι
363 1123 516 1191 Exoriare
529 1124 667 1212 aliquis!

237 1371 245 1403 ¹
268 1368 371 1434 Apulec
387 1374 428 1420 cst
441 1380 478 1417 uu
491 1366 622 1418 ueritabie
634 1366 790 1418 litterateur
803 1367 851 1419 des
864 1374 952 1433 temps
963 1369 997 1422 de
1010 1369 1172 1424 decadence.
1185 1371 1206 1423 it
1220 1373 1283 1424 etu-

201 1455 245 1507 die
259 1461 348 1506 tontes
362 1453 401 1504 les
415 1452 535 1504 scicuces
548 1458 575 1503 et
592 1459 654 1503 tous
675 1451 715 1502 ies
731 1459 798 1515 arts,
810 1453 946 1515 interrege
959 1462 1049 1508 tontes
1065 1456 1104 1508 les
1116 1457 1244 1523 reiigione
1256 1467 1284 1512 ct

201 1545 292 1591 toutcs
303 1537 343 1590 ies
361 1536 550 1601 philosophico,
566 1549 581 1600 y
600 1536 669 1588 croit
686 1549 723 1587 uu
737 1549 800 1600 peu,
816 1537 871 1588 s'eu
884 1538 948 1602 jone
959 1552 996 1590 un
1011 1553 1072 1604 peu,
1085 1554 1179 1606 essaye
1198 1546 1283 1598 meme

200 1625 235 1676 de
253 1625 279 1674 ia
299 1622 432 1686 magio...
451 1622 537 1672 Arant
556 1628 627 1683 tout,
649 1621 813 1685 litte'rateur,
834 1630 862 1674 et
875 1636 979 1677 comme
994 1626 1033 1677 ies
1052 1626 1220 1680 litterateurs
1234 1630 1283 1683 des

202 1718 290 1773 temps
312 1707 366 1759 iort
380 1705 511 1769 ciuiliscs,
527 1719 556 1757 sc
575 1707 688 1771 piquaut
708 1705 742 1758 de
756 1714 816 1758 tout
839 1710 1013 1774 comprendre
1029 1721 1056 1762 et
1076 1712 1110 1764 de
1127 1721 1186 1764 tout
1202 1716 1286 1780 expli·

222 1806 316 1844 uec...

203 1807 220 1858 q
238 1879 273 1928 La
294 1875 382 1939 magio
397 1881 440 1927 est
457 1875 481 1925 la
502 1871 679 1938 superstition
699 1873 747 1925 des
766 1874 862 1926 siecies
883 1876 929 1939 qui
950 1879 1026 1930 u'ont
1044 1881 1104 1945 pius
1116 1882 1150 1932 de
1165 1881 1217 1950 toi,
1234 1884 1285 1935 eiie

202 1964 277 2013 iiatte
289 1961 326 2011 du
339 1959 427 2012 meme
439 1971 509 2024 coup
522 1957 645 2022 i’orgucii
657 1966 685 2009 et
697 1959 723 2008 la
732 1958 867 2011 credulite
877 1960 1051 2018 hunnine...
1063 1967 1165 2030 Aputee
1174 1977 1285 2022 racoute

202 2045 275 2097 aussi
291 2044 338 2096 des
351 2044 448 2096 soenes
460 2043 494 2094 dc
506 2042 659 2102 debauche,
673 2048 701 2093 et
714 2043 781 2093 c’est
796 2056 892 2096 encore
905 2045 931 2096 ia
945 2060 999 2099 une
1016 2061 1126 2113 maique
1140 2051 1176 2100 du
1186 2059 1282 2116 temps.

202 2133 238 2182 1ae
252 2129 346 2195 piaisir
359 2135 401 2180 est
416 2129 440 2179 ia
456 2126 578 2179 demicte
591 2126 697 2191 passion
711 2125 758 2178 des
773 2127 877 2180 rieiiies
892 2129 1019 2184 societes,
1035 2133 1146 2186 Comme
1164 2135 1189 2187 ie
1202 2138 1286 2190 doute

202 2229 217 2280 y
231 2211 294 2278 gite
306 2219 398 2264 tontes
408 2213 448 2263 les
458 2211 628 2274 jouissances
639 2210 673 2262 de
687 2208 775 2274 l’ime,
787 2212 806 2262 il
816 2213 860 2277 n'y
875 2227 889 2264 a
903 2215 1026 2280 piusque
1043 2217 1068 2270 ic
1078 2231 1156 2284 corps
1168 2222 1215 2284 qui
1230 2224 1283 2272 soit

203 2298 250 2350 siir
263 2304 291 2350 et
301 2294 378 2347 aride
391 2295 440 2346 des
454 2295 569 2347 sicunes.
583 2294 753 2360 [saint-Marc
767 2295 903 2362 Cirardiu,
918 2297 971 2352 loc.
982 2295 1043 2364 cit.)

384 2815 442 2864 Vidi
454 2830 484 2865 ae
493 2818 603 2881 perlegi,

493 2995 604 3046 Lutetiae
624 2998 799 3066 Parisiorum,
812 3001 839 3050 in
858 3003 1116 3066 soroona,a.o.x1
1135 3009 1188 3061 iai.
1206 3021 1285 3064 mart.

528 3093 591 3132 auu.
611 3083 635 3132 it
654 3084 740 3137 DCCC
760 3087 826 3154 itii,

565 3219 712 3272 Facultatis
736 3224 898 3276 Litterarum
918 3226 945 3276 in
975 3229 1119 3280 Academia
1143 3232 1284 3288 Parisieusi

600 3303 732 3369 Decauus,

815 3391 933 3446 levior.
954 3395 996 3445 iti
1016 3396 1132 3450 cirine.

298 3511 378 3574 Typis
397 3513 557 3565 mandetur:

209 3623 366 3674 Parisieusis
385 3625 534 3678 Academiae
555 3628 659 3691 Rector,

354 3740 494 3805 nnrnoo.
