2942 4722
653 273 697 284 ,-
713 233 766 302 gg
786 272 832 284 .-

190 359 301 430 multo
315 361 473 448 majorem
494 359 635 448 denique
661 378 760 448 quam
780 353 814 425 in
833 355 1151 445 Metamorphosibus
1170 354 1276 425 aare

192 470 321 558 ginem,
344 478 376 534 at
394 468 428 534 in
447 465 602 534 omnibus
622 466 701 547 lare,
727 466 755 532 si
776 465 970 554 Apologiam
988 461 1166 548 addideris,
1182 463 1276 552 spo

187 573 512 662 leinmsuametipsa
528 591 629 640 manu
644 573 813 662 depictum
830 593 838 637 ε
1257 574 1260 578 ’

663 747 720 810 Quo
736 745 766 797 fit
776 753 808 796 nt
822 744 910 796 omnis

357 835 556 900 votira'pateat
568 835 651 887 veluti
666 835 798 899 descripta
816 831 914 886 tabella

357 919 417 972 Vita
432 920 502 972 scu'is
505 956 562 972 .....

195 1066 363 1134 'fabellam
380 1089 472 1155 ergo,
487 1053 512 1134 a
522 1065 729 1157 philosophia
740 1065 818 1152 orsi,
834 1063 1062 1152 inspiciamus,

241 1176 307 1240 lieo
319 1174 458 1270 Apuleio
468 1173 734 1264 inlpbilosopbia,
749 1184 907 1261 tanquam
916 1171 950 1237 in
963 1169 1089 1254 ceteris,
1103 1171 1275 1258 proprium

195 1281 351 1369 estquod
368 1281 479 1348 omnia
496 1300 630 1366 genera,
653 1278 807 1346 methodo
825 1278 896 1362 illa,
912 1297 1011 1366 quam
1027 1283 1209 1362 ἐκλεκτισμὸν
1220 1297 1278 1344 vo-
1316 1295 1318 1299 ·

196 1399 368 1472 caverunt,
382 1387 566 1480 largissime
578 1407 671 1472 usus,
684 1385 868 1476 permiscet.
880 1387 974 1451 Nunc
985 1404 1059 1472 vere
1073 1384 1277 1480 Socraticum

196 1477 229 1563 ct
243 1495 449 1582 Platonicum
468 1494 640 1582 habemuS,
662 1495 710 1563 vel
735 1495 832 1562 etiam
847 1493 1117 1584 Pythagoricum,
1137 1513 1277 1582 gymno·

196 1600 360 1691 sophistas
373 1601 565 1669 laudantem
583 1629 598 1664 «
611 1603 701 1691 quod
715 1601 865 1669 homines
879 1613 956 1668 sunt
971 1602 1068 1689 periti
1081 1622 1145 1668 non
1160 1623 1279 1691 propa·

106 1709 111 1717 ‘
194 1709 319 1798 ,gandae
349 1710 438 1793 vitis,
468 1731 526 1777 nce
558 1709 766 1777 inoculandae
794 1708 933 1792 arboris,
963 1730 1022 1776 nee
1048 1710 1279 1797 proscindendi

196 1815 303 1884 soli...
321 1816 406 1895 Quid
421 1817 526 1902 igitur
545 1821 614 1884 est‘l
633 1819 739 1884 Unum
756 1837 815 1905 pro
836 1816 887 1882 his
905 1815 1061 1884 omnibus
1075 1817 1200 1908 colunt,
1220 1819 1280 1884 Sa·

193 1923 358 2013 ‚pientiam
383 1925 568 2013 percolunt,
594 1935 662 1991 tam
687 1925 839 2011 magistri
864 1944 973 2002 senes,
1000 1945 1100 2013 quam
1123 1923 1279 2014 discipuli

198 2030 345 2098 minores
355 2035 377 2097 ¹.
396 2059 410 2092 a
431 2030 522 2099 Alias
536 2032 582 2098 ait
595 2031 803 2122 philosophia
815 2051 850 2098 se
864 2030 998 2096 doctum
1013 2051 1191 2098 assenaco
1207 2039 1279 2100 tan-

192 2147 271 2214 ,tum
287 2137 484 2205 beneficium
499 2159 622 2224 amore,
638 2139 695 2207 sed
713 2137 911 2205 maleficium
922 2138 945 2203 ².
962 2163 977 2198 o
992 2140 1093 2205 Deum
1105 2137 1281 2226 magnifice

200 2241 369 2328 describit,
392 2265 490 2311 verus
514 2245 660 2312 Platonis
683 2243 866 2334 discipulus
884 2270 892 2310 ε
907 2272 926 2306 a
945 2245 1058 2310 Totius
1080 2265 1192 2312 rerum
1219 2265 1280 2314 na·

138 2359 142 2374 '
157 2350 162 2358 '
194 2359 462 2440 1tnraeoansa,‚et
477 2351 560 2417 ratio
573 2352 672 2438 ,origo
686 2349 836 2433 initialis,
853 2369 1005 2416 summus
1020 2349 1124 2415 animi
1136 2351 1278 2438 genitor,

200 2467 342 2524 aeternus
357 2459 578 2526 animantium
594 2459 780 2547 sospitator,
797 2457 950 2524 assiduus
964 2455 1083 2523 mundi
1096 2459 1230 2546 suiopif
1245 2507 1246 2510 ,
1269 2510 1277 2527 .

199 2563 261 2630 Sed
278 2566 367 2631 enim
382 2566 458 2632 sine
467 2586 565 2653 opera
583 2566 702 2654 opifex,
725 2566 795 2633 siue
819 2586 898 2632 cura
918 2563 1104 2652 sospitator,
1121 2565 1189 2632 sine
1204 2586 1281 2655 pro·

97 2745 101 2754 ,
192 2674 376 2760 ,pagatione
392 2674 535 2758 genitor,
557 2665 664 2767 neque
682 2673 767 2757 loco,
784 2692 892 2760 neque
910 2681 1068 2761 tempore,
1084 2693 1191 2761 noque
1211 2672 1281 2740 nice
1305 2679 1316 2704 '

198 2777 270 2846 ulla
284 2778 552 2870 comprehensus
568 2801 671 2870 eoque
687 2779 809 2870 ‚paucis
834 2777 1032 2865 cogitabilis,
1057 2780 1183 2846 nemini
1201 2779 1282 2846 ella·

199 2883 309 2953 bilist
326 2913 340 2946 n
357 2887 453 2955 Nunc
469 2887 811 2976 contrapbilosopbus
825 2887 881 2953 ille
895 2885 1112 2954 deSocratica
1127 2898 1158 2953 et
1170 2885 1281 2954 Plato·

200 2992 276 3059 nica
298 2993 437 3077 santilia,
463 2981 642 3082 sophistam
664 2995 818 3084 Hippiam
841 2993 942 3060 effuse
963 2990 1114 3059 laudabit
1136 2991 1225 3080 quod
1247 3002 1281 3059 ot

200 3119 329 3166 omnem
345 3101 500 3168 vestitum
516 3122 616 3168 suum
630 3101 699 3188 ipse
718 3102 788 3168 suis
803 3099 957 3167 manibus
971 3099 1162 3186 coniecerim
1174 3119 1281 3190 nequa

201 3204 356 3293 ampullae
371 3206 510 3292 olearia,
525 3227 631 3295 neque
643 3205 787 3274 honestae
800 3206 1013 3294 strigileculae
1027 3205 1280 3295 descriptionem

201 3311 342 3396 omittet,
365 3312 431 3380 baec
455 3313 579 3384 addans
601 3335 645 3380 z«
657 3313 737 3394 Quis
758 3334 824 3381 noa
847 3313 998 3382 laudabit
1021 3313 1190 3380 bominem
1207 3323 1280 3381 tam

200 3438 379 3488 numerosa
400 3429 469 3487 arte
489 3421 716 3488 multiscium?
731 3431 779 3508 tot
797 3421 876 3509 jugi
888 3420 1024 3488 scientia
1040 3419 1280 3506 magnificum?

200 3533 249 3594 tot
271 3527 464 3595 utensilium
479 3527 598 3616 peritia
617 3526 829 3595 Daedalum⁴t
844 3553 859 3590 a
882 3527 972 3594 Alias
993 3526 1227 3616 perridiculam
1244 3536 1280 3594 at

200 3633 427 3722 turpissimam
440 3635 480 3702 de
490 3635 614 3700 cratete
628 3633 742 3721 cynico
751 3632 1026 3701 historinnoulam
1039 3631 1186 3700 narrabit
1195 3632 1280 3700 ⁵·aut

200 3741 300 3808 etiam
325 3763 445 3810 vesano
468 3742 520 3809 illi
542 3741 671 3809 bomini
694 3741 841 3808 invidere
860 3740 929 3826 sei,
944 3762 1004 3808 nea
1019 3760 1084 3808 non
1099 3739 1235 3828 Diogeni
1247 3749 1280 3808 et

199 3847 333 3914 Herculi
345 3850 404 3938 qni
424 3849 519 3918 nulla
542 3849 607 3915 alia
630 3847 851 3942 supecllcctile
863 3849 929 3916 nisi
942 3847 1062 3916 baculo
1077 3843 1279 3915 utebantur'

237 4035 247 4070 ¹
265 4033 321 4098 rt,
333 4039 362 4089 o.
374 4063 409 4074 -
427 4036 438 4070 ¹
457 4037 513 4101 ra,
530 4037 629 4104 o.·--,³
648 4039 737 4102 apoc,
752 4039 814 4090 eac.
829 4063 864 4078 -
883 4034 893 4069 ⁸
909 4039 1025 4099 nunu,
1042 4038 1069 4089 c.
1082 4061 1119 4074 -
1136 4033 1147 4068 ⁵
1165 4037 1222 4099 nt„
1236 4035 1279 4088 rt.

201 4146 236 4157 -
254 4118 266 4152 ·
284 4121 375 4185 spor„
388 4121 451 4172 tro.
464 4121 520 4160 *a
539 4125 594 4182 ra,
612 4122 674 4172 im.
1104 4138 1108 4142 ·
