2942 4722
254 347 314 416 Hic
329 349 418 418 onim
436 371 542 418 uuum
563 350 650 418 iuter
674 353 838 442 praecipua
854 352 988 442 Apuleii
1008 352 1089 418 vitia
1105 350 1291 436 attigimus.

207 455 272 536 Qui
282 456 318 523 in
332 455 544 525 describendo
558 458 685 544 ingenii
698 459 821 528 lauram
833 459 971 549 quaerit,
985 456 1147 526 describat
1160 477 1290 524 necesse

207 573 269 648 est,
286 584 353 630 nou
367 565 446 652 quia
460 577 491 632 et
510 565 643 654 quando
656 586 707 632 res
721 566 768 632 ita
781 566 974 656 postulabit,
986 565 1044 634 sad
1059 563 1290 632 tantummodo

210 669 252 738 ad
270 669 523 740 describendum
550 694 559 738 :
582 671 629 739 ibi
643 683 755 740 autem
776 657 955 739 nimietatis
975 673 1023 762 (ut
1043 671 1177 762 Apuleii
1191 670 1290 740 verbo

211 778 296 867 utar)
305 778 652 867 periculumcccurrit.
664 781 733 848 Non
743 781 832 847 enim
841 773 1071 849 tantummodo
1081 782 1185 869 culpae
1195 782 1297 869 iuga,

208 883 315 952 sedet
334 886 405 974 ipsa
425 887 524 976 culpa
542 887 575 953 in
597 887 716 954 vitium
737 886 839 955 ducit.
861 886 962 954 Obliti
980 898 1058 956 sunt
1075 888 1289 978 descriptores

210 991 428 1060 Horatianum
443 987 628 1077 illud‚'non
646 993 753 1060 solum
773 994 807 1060 in
824 995 1052 1083 precipiendo,
1070 995 1238 1064 sedetiam
1253 996 1289 1064 iu

210 1098 437 1184 describendo,
455 1101 664 1168 verissimum
681 1125 690 1168 ε

371 1271 379 1287 .
401 1274 409 1289 .
431 1272 437 1285 .
462 1226 484 1289 .’
491 1275 617 1291 .....
638 1240 803 1292 listobrevis
806 1276 1051 1295 .........

370 1326 454 1380 Omne
467 1341 662 1400 supervacuum
676 1331 754 1392 pleno
767 1331 800 1383 de
812 1337 918 1397 pectore
935 1338 1035 1383 manat.

210 1445 328 1511 Omnia
337 1443 404 1512 illis
417 1446 457 1513 ad
470 1445 721 1516 describendum
733 1450 903 1516 materiam
916 1449 1061 1538 praehent
1069 1471 1079 1532 3
1093 1448 1176 1515 nihil
1188 1447 1288 1515 nimis

209 1572 364 1641 parvum,
377 1552 476 1620 nimis
485 1554 802 1623 minutumvidetur.
812 1557 864 1623 Sic
874 1557 964 1622 enim
973 1555 1291 1624 secumratiocinau-

209 1669 267 1724 tur
282 1660 368 1725 :Cur
382 1680 447 1726 non
464 1662 586 1748 omnia,
606 1683 679 1750 quae
692 1662 727 1728 in
740 1662 839 1730 rebus
853 1663 980 1743 insunt,
999 1673 1030 1728 et
1048 1664 1084 1728 in
1100 1682 1213 1730 rerum
1227 1660 1289 1729 de·

210 1765 387 1854 scriptione
399 1767 565 1835 inessent?
584 1769 693 1836 Potest
707 1771 819 1858 imago
837 1791 1012 1860 quosquam
1028 1769 1169 1837 nimium
1184 1769 1291 1836 fidelis

210 1892 280 1938 esse
296 1881 354 1939 aut
371 1873 513 1940 nimium
530 1880 630 1943 vera?
644 1878 734 1944 Esset
749 1889 860 1945 autem
875 1899 952 1945 vera
967 1889 998 1944 et
1014 1877 1131 1963 fidelis,
1149 1878 1177 1944 si
1191 1878 1292 1966 quid-

209 1999 311 2067 quam
325 1979 552 2049 omitteretur?
566 1985 652 2069 Ergo
665 1983 746 2050 nihil
759 1985 894 2052 omnino
904 1984 1108 2053 omittamus.
1122 1988 1229 2074 Atque
1243 1986 1290 2052 ita

209 2105 276 2152 non
289 2087 360 2174 jam
374 2087 525 2174 pictores,
543 2089 595 2156 vel
612 2090 893 2178 diligentissimos,
914 2092 1135 2176 aemulautur3
1151 2093 1291 2182 pictores

207 2194 311 2279 enim,
336 2194 465 2262 etiamsi
482 2197 645 2264 verissimi
668 2218 736 2266 esse
752 2199 883 2283 volunt,
909 2199 971 2266 hoo
994 2209 1026 2266 et
1051 2199 1150 2286 illud,
1174 2211 1289 2289 utpote
1371 2261 1375 2266 .

209 2300 352 2366 nimium
374 2321 721 2393 supervacaneumque
738 2305 896 2372 omittunt
903 2328 913 2389 3
939 2306 1041 2373 solem
1060 2306 1170 2395 ipsum
1189 2327 1292 2374 011111-

208 2403 338 2490 lantur3
355 2409 547 2497 pingentem
558 2412 752 2497 solemdioo,
768 2433 875 2502 quum
885 2413 997 2480 eadem
1008 2414 1203 2502 perfectione
1214 2414 1290 2481 sili-

207 2533 279 2581 cem
289 2516 498 2605 autstipitem
513 2529 611 2607 atque
618 2519 906 2587 MedicemVeneris
915 2519 1057 2606 effigiem
1065 2529 1286 2609 repraesentat.

207 2621 293 2700 Quin
305 2631 337 2687 et
351 2623 453 2689 solem
463 2623 573 2712 ipsum
586 2625 736 2694 vincunt.
750 2625 805 2694 Sol
820 2629 941 2695 etenim
958 2626 1041 2694 nihil
1055 2627 1149 2714 eligit
1157 2649 1167 2710 ;
1185 2629 1288 2695 nostri

207 2737 320 2792 autem
341 2728 554 2818 descriptores
573 2733 687 2800 eodem
704 2733 815 2800 studio
833 2732 996 2822 quidquid
1015 2733 1158 2800 nimium
1176 2743 1208 2799 et
1228 2754 1288 2802 su·

207 2853 412 2924 pervacuum
427 2849 599 2927 appetunt,
616 2862 694 2930 quo,
716 2842 741 2908 si
762 2851 924 2929 saperent,
940 2842 1106 2928 fugerent.

253 2941 385 3010 [luobus
404 2954 534 3012 tantum
558 2948 714 3036 exemplis
732 2959 820 3015 utar.
842 2951 876 3014 ln
897 2948 1059 3036 principio
1080 2947 1199 3035 operis,
1221 2951 1289 3016 Lu-

198 3047 279 3115 cius
295 3069 354 3116 nos
366 3049 436 3118 haec
449 3053 565 3134 sedulo
577 3053 670 3122 docet
687 3079 695 3120 ι
721 3083 736 3117 a
752 3055 837 3144 Equi
851 3055 1004 3121 sudorem
1025 3054 1140 3121 honde
1159 3055 1287 3138 curiose

205 3156 341 3244 catrico,
363 3180 458 3227 aures
473 3161 651 3241 remulcec,
672 3163 782 3231 frenos
797 3162 944 3249 detraho,
968 3164 1002 3229 iu
1018 3164 1159 3250 gradum
1178 3163 1286 3230 lenem

208 3266 331 3331 sensim
344 3267 500 3355 proveho,
520 3269 629 3356 quoad
642 3269 847 3337 lassitudinis
865 3268 1113 3336 incommodum
1130 3269 1196 3335 alvi
1209 3269 1288 3336 soli·

212 3385 284 3439 turn
298 3394 335 3440 ac
350 3375 501 3442 naturale
516 3376 706 3464 praesidium
719 3376 880 3465 eliquaret
890 3382 911 3442 ¹.
925 3401 942 3438 »
961 3376 1094 3443 Humile
1109 3395 1242 3464 prorsus
1257 3387 1289 3444 et

201 3469 488 3566 sordidissimum,
503 3482 591 3571 quod
605 3484 744 3551 tacuisse
759 3483 864 3551 multo
879 3484 999 3551 melius
1011 3494 1092 3550 erat.

254 3588 482 3677 NouApulcio
500 3589 581 3657 sitio
605 3600 729 3657 vertam
744 3591 833 3679 quod
852 3590 1112 3658 lautissimarum
1134 3591 1168 3657 in
1191 3590 1289 3661 domo

208 3695 383 3784 Byrrhenae
406 3697 581 3785 epularum
604 3697 883 3764 accuratissimam
908 3696 1158 3786 descriptionem
1173 3699 1285 3786 finnit;

203 3821 259 3867 res
281 3823 319 3868 cx
332 3803 372 3870 iis
394 3814 463 3870 erat
477 3825 551 3893 quac
572 3803 784 3872 describentis
804 3824 940 3873 manum
960 3814 1097 3887 vocant,·
1115 3804 1171 3873 sed
1186 3806 1287 3896 paulo

206 3918 301 3996 post,
326 3931 433 3999 quum
463 3911 667 4001 Telephrona
700 3913 787 3979 vices
822 3931 899 3979 suas
927 3923 1114 3980 narrantem
1134 3914 1285 3994 inducit,

187 4015 290 4103 ‘quid
311 4016 353 4084 ad
376 4038 435 4086 uos
457 4018 486 4086 si
513 4018 695 4108 Telephron
723 4044 740 4083 «
760 4020 927 4108 aggeratis
946 4019 982 4086 in
1008 4019 1183 4089 cumulum
1204 4029 1290 4088 stra-

246 4168 255 4202 ¹
274 4170 349 4221 Tum.
363 4165 383 4230 l,
397 4179 423 4231 p.
436 4165 479 4218 15.
