2942 4722
640 244 686 256 ..
708 206 753 272 54
775 243 819 256 ....

199 350 274 396 narn
290 327 476 396 barbariem
491 329 678 417 significant
693 329 780 396 intra
796 327 926 417 imperii
943 325 1111 414 terethiae,
1129 328 1274 396 inultum

199 446 275 508 ante
286 436 525 524 Germanicam,
540 436 692 504 saeviisse.
706 436 809 520 Certe,
819 457 857 504 01
866 435 920 520 110,
932 435 991 524 qui
1001 434 1069 502 duo
1080 445 1152 533 post
1164 434 1275 502 secula

199 542 378 628 imperium
394 543 601 628 invaserunt,
621 541 783 627 barbaris,
801 562 866 609 non
882 543 1005 611 multos
1019 541 1178 608 exstitisse
1194 552 1276 629 puto
1312 621 1317 628 ,

199 647 259 735 qui
276 649 445 716 Africanos
470 647 546 716 11100
564 648 811 737 superstitione,
835 647 1023 736 ignorantia
1046 657 1085 716 et·
1099 645 1276 716 stoliditate

199 764 385 842 aquareut3
402 755 460 843 qui
471 765 661 844 prestarent
676 775 763 840 vero,
780 773 821 822 ne
836 757 973 822 Hunnos
989 753 1136 842 quidem.

245 860 445 948 Praecipuam
463 881 554 928 nunc
572 881 704 928 causam
726 871 876 928 tenemus
899 879 959 928 aur
978 858 1139 949 Apuleius
1160 879 1278 948 magus

201 964 334 1034 habitus
352 961 416 1034 sit.'
428 968 532 1034 llomo
546 966 751 1055 ingeniosus,
770 967 842 1052 vie,
861 976 897 1034 ut
918 967 986 1056 ipsc
1005 965 1064 1052 ait,
1086 964 1227 1056 cupidus
1246 978 1279 1034 et

201 1065 308 1139 omnis
328 1073 482 1140 novitatis
504 1074 623 1155 sititor,
650 1074 869 1142 toto·0riente
888 1081 1074 1161 peragrato,
1097 1072 1191 1140 nulla
1212 1093 1278 1140 non

201 1177 361 1259 doctrina,
384 1169 602 1270 philosophia,
624 1179 783 1267 religione
804 1190 967 1268 tanquam
983 1189 1128 1266 gustata,
1152 1179 1280 1248 nullius

203 1285 352 1372 mysterii
365 1287 517 1372 ignarus,
532 1287 659 1368 nullius
675 1287 818 1354 scicntia
835 1287 1035 1364 incuriosus,
1051 1285 1145 1352 nulla
1163 1287 1197 1354 in
1211 1296 1281 1352 arte

203 1392 308 1470 101110,
323 1393 364 1460 ad
378 1392 630 1476 hocfacundus,
642 1394 809 1482 jactantiae
823 1393 1033 1478 immodicae,
1047 1391 1284 1486 confidentissi-

204 1517 290 1582 mus,
305 1498 390 1566 inter
403 1499 539 1568 stolidos
548 1500 626 1568 istos
637 1500 733 1568 Afros
746 1519 866 1587 magus
879 1519 945 1567 non
958 1498 1073 1566 haberi
1084 1519 1150 1566 non
1163 1497 1282 1586 potuit.

202 1606 266 1683 Qui
281 1604 362 1671 alias
382 1605 479 1674 modo
501 1606 641 1676 rhetoris
663 1607 762 1677 lauda
785 1607 1008 1690 inclaruisset,
1028 1607 1063 1671 in
1078 1604 1187 1672 africa
1208 1625 1284 1692 por·

163 1755 172 1766 -
204 1720 330 1778 1001000
345 1711 386 1778 ad
399 1712 597 1800 periculosos
612 1713 730 1800 magiae
742 1712 882 1785 honores
897 1725 1074 1802 provectus
1088 1722 1147 1786 est.

248 1825 291 1888 At
311 1813 362 1888 res
382 1820 517 1890 illinon
536 1821 681 1892 itabene
704 1823 812 1890 cessit.
834 1825 951 1909 Magus
977 1841 1056 1908 ergo
1078 1819 1210 1888 habitus
1233 1831 1281 1886 est

204 1927 353 1995 invitus?
363 1967 407 1978 --
416 1929 575 2014 Prolecto,
587 1929 716 1996 etiamsi
729 1928 887 1997 noluisset
899 1927 1025 2011 haberi,
1038 1925 1173 1994 habitus
1185 1937 1297 2007 esset.

204 2055 309 2122 quum
330 2033 471 2102 historiae
489 2036 567 2104 satis
585 2021 756 2104 ostendant
770 2036 895 2103 crimen
918 2031 978 2102 1100
999 2053 1064 2100 narr
1082 2053 1121 2100 ex
1134 2031 1200 2099 illis
1214 2052 1281 2098 esse

205 2160 277 2226 qua
291 2139 384 2206 facile
399 2141 602 2209 refellantur.
618 2141 681 2210 Sed
695 2163 759 2209 nou
773 2143 820 2208 ita
833 2141 1043 2208 manifestum
1054 2150 1102 2206 est
1115 2159 1192 2206 euru
1206 2157 1281 2205 con·

207 2259 256 2311 tra
281 2245 404 2314 lamam
428 2269 523 2316 suam
555 2247 804 2336 repugnavisse;
833 2249 899 2315 imo
923 2245 1062 2314 libenter
1089 2245 1279 2312 crediderim

206 2353 300 2420 lamae
328 2374 395 2422 suae
412 2354 522 2442 ipsum
544 2355 736 2444 adjumento
753 2355 865 2424 luisse.
891 2354 976 2435 Quid
998 2353 1109 2420 enim‘t
1132 2353 1218 2420 Natu
1244 2353 1282 2420 de

206 2479 286 2544 rogo
301 2459 506 2528 habetatum
522 2463 711 2530 Periculum
726 2460 860 2551 quidem
874 2481 971 2548 mago
989 2469 1058 2527 erat
1073 2479 1113 2527 ne
1128 2459 1163 2526 in
1177 2461 1283 2546 suspi-

206 2566 314 2632 ciones
326 2567 537 2656 popularium
547 2589 682 2636 suorum
698 2582 755 2636 aut
768 2569 866 2636 etiam
876 2568 991 2637 odium
1005 2568 1187 2634 incurreret
1205 2591 1218 2658 :¹
1228 2565 1283 2633 sed

205 2684 238 2740 et
252 2695 330 2742 eum
343 2674 492 2744 homines
502 2678 738 2766 suspiciebant,
754 2679 1011 2764 venerabantur,
1028 2677 1285 2754 timebant.Quis

208 2803 273 2848 non
291 2777 564 2852 relor‘midavissot
579 2784 747 2860 hominem
764 2786 956 2874 plusquam
976 2784 1123 2853 humana
1139 2783 1283 2872 potentia

208 2900 373 2957 arnmtum
387 2901 419 2958 et
433 2891 623 2960 divinorum
636 2893 830 2961 conscium‘l
851 2894 996 2980 [leuique
1013 2913 1090 2958 eum
1109 2890 1283 2958 audiamus

208 2993 248 3060 de
264 2997 370 3080 magia
387 2995 483 3064 verba
502 2998 687 3068 facientem.
709 3001 822 3068 Nonne
837 2986 968 3068 videtui
985 2984 1227 3066 seminavere
1244 3017 1283 3062 ue

210 3101 326 3186 magiae
341 3103 439 3175 tidem
458 3105 600 3172 infirmet
616 3107 806 3173 minuatve?
821 3108 876 3174 Ait
891 3105 1025 3194 quidem
1039 3105 1139 3172 semel
1154 3105 1284 3172 Puden-

210 3205 314 3272 tillam
333 3227 398 3275 non
418 3209 513 3278 modo
533 3209 643 3300 ipsum
664 3209 818 3298 dragum,
835 3213 891 3282 sed
905 3212 1039 3279 omnino
1058 3232 1126 3278 esse
1141 3212 1282 3298 magiam

210 3313 379 3399 negavisse
389 3317 411 3382 ¹.
428 3318 548 3384 Verum
563 3317 673 3406 opinio
686 3319 755 3386 haec
771 3319 964 3388 Pudentillae
980 3330 1040 3404 est,
1058 3339 1123 3384 non
1139 3317 1280 3406 Apuleii.

209 3421 342 3501 Quoties
368 3421 454 3510 ipse,
479 3424 612 3492 nomine
641 3446 718 3510 suo,
744 3426 908 3515 loquitur,
937 3426 1035 3512 longe
1060 3425 1210 3492 aliterse
1235 3445 1285 3490 100

209 3524 320 3596 hahet.
330 3527 422 3594 Nunc
432 3529 548 3618 pisces,
563 3531 753 3600 auctoribus
763 3532 948 3622 Pythagora
957 3543 990 3598 et
999 3534 1150 3611 Homero,
1163 3530 1205 3598 ad
1219 3549 1287 3595 ma-

210 3633 300 3718 giam
319 3654 453 3723 prorsus
472 3638 608 3706 inutiles
625 3659 694 3708 esse
710 3641 884 3725 affirmem,
905 3661 1011 3730 quum
1026 3640 1137 3707 omnia
1158 3639 1284 3724 magica

211 3739 428 3810 medicamina
444 3755 573 3831 eterra,
590 3767 607 3813 e
620 3748 704 3815 mari
718 3747 775 3816 nul
782 3748 822 3833 la,
836 3747 1083 3835 depromantur.
1100 3747 1193 3822 Nouo
1208 3764 1283 3810 cunr

212 3843 346 3914 Platone
365 3848 485 3918 credit³
505 3875 521 3912 u
534 3851 620 3919 inter
639 3853 715 3920 aleos
736 3865 833 3943 atquc
852 3853 1000 3922 homiues
1017 3852 1177 3942 cpuasdam
1196 3851 1286 3918 divo-

251 4091 257 4117 r
278 4089 367 4152 epea,
382 4091 442 4141 000.
460 4095 516 4130 -2
534 4097 587 4156 ra,
605 4098 742 4148 110.-3
763 4102 815 4164 ru,
838 4081 901 4154 toa'
