2942 4722
179 345 297 414 soltus
311 355 359 414 est
369 350 392 413 ¹.
409 345 520 427 Qualis
537 345 682 416 medicus
696 349 808 434 fuerit,
823 366 890 414 non
902 365 1015 416 meum
1030 352 1078 411 est
1093 343 1266 411 estimare.

184 451 202 517 J
205 449 387 519 udieabunt
401 451 500 540 periti
510 451 550 519 de
563 452 696 521 homine
708 455 913 541 moynetirme
926 451 1073 516 naturali
1086 447 1181 536 (absit
1192 448 1270 516 bar*

185 555 331 626 berismo
352 557 490 648 invidia)
521 560 673 628 credente
700 561 839 649 ejusque
865 556 1054 646 exemplum
1082 577 1099 624 e
1123 557 1270 623 Varrone

188 675 397 752 excerptum,
415 665 619 754 proferente²
637 687 645 734 :
666 693 682 729 «
699 667 798 750 Illud,
817 667 863 733 ait
879 663 1086 732 memorabili
1101 662 1183 746 loeo,
1201 683 1272 730 me·

121 854 124 862 ¹
186 789 263 837 eum
279 781 397 858 reputo
411 791 504 860 posse
527 773 676 840 animum
693 769 900 858 humanum,
914 772 1097 858 presertim
1113 769 1271 855 puerilem

186 886 217 942 et
229 877 419 964 simplicem,
437 899 495 946 seu
509 880 694 946 carminum
710 891 936 958 avocamento,
951 879 1019 945 sive
1034 876 1174 945 odorum
1189 875 1273 944 deli-

188 982 348 1068 ttimento,
365 988 522 1070 soporari,
544 996 575 1050 et
596 987 638 1051 od
656 987 842 1052 oblivionem
855 984 1062 1072 praesentium
1077 985 1239 1048 externari
1258 1007 1271 1048 .·

186 1099 218 1154 et
236 1089 401 1176 paulisper
426 1103 545 1156 remoto
569 1095 711 1180 eorporis
734 1095 899 1166 memoria,
924 1092 1026 1177 recipi
1045 1111 1082 1154 oc
1103 1090 1208 1154 redire
1227 1089 1274 1154 cd

188 1208 463 1288 neturomprtcnt,
481 1221 550 1286 quea
569 1210 616 1263 est
633 1201 825 1265 immortalia
841 1201 962 1264 seilicet
978 1209 1009 1262 et
1023 1198 1134 1262 diuino
1143 1219 1158 1278 ,·
1172 1205 1272 1284 alque

185 1301 246 1388 ita,
257 1305 362 1371 veluti
371 1304 515 1393 quodam
525 1326 652 1395 sopore,
666 1306 780 1374 lutura
794 1323 905 1374 rerum
915 1302 1143 1395 praesagiret»
1152 1281 1290 1370 Omnes'

190 1417 301 1476 tamen
321 1412 531 1478 aestimabunt
553 1433 642 1498 eum,
666 1434 773 1502 quum
796 1413 1030 1500 gravissimum
1050 1410 1085 1476 in
1108 1408 1272 1476 medicina

192 1528 360 1584 auctorem
376 1517 575 1585 Homerum⁴
586 1519 716 1586 invocat
732 1532 790 1587 aut
806 1520 841 1586 in
857 1517 1033 1587 comitialis
1050 1515 1159 1583 morbi
1173 1525 1273 1583 natu-

192 1642 263 1690 ram
278 1637 308 1690 et
326 1643 440 1691 causas
464 1625 606 1693 ducibus
626 1627 780 1712 Platone,
806 1625 1000 1710 Aristotele,
1029 1622 1270 1712 Theophrasto,

90 1816 93 1820 γ
190 1729 362 1816 inquirit⁵,
382 1731 516 1798 famosis
535 1715 602 1798 illis
621 1732 807 1799 Molarianis
822 1732 956 1799 medicis
974 1729 1065 1797 haud
1086 1729 1272 1796 absimilem

191 1860 273 1910 esse.
286 1842 390 1927 Certe,
404 1863 508 1931 quum
520 1841 661 1910 terribili
672 1841 788 1911 morbo
796 1842 874 1910 huic
889 1841 1033 1908 remedio
1045 1860 1113 1908 esse
1125 1841 1170 1906 ait
1184 1838 1274 1928 (aue-

110 1991 117 2006 ·
193 1959 261 2017 tore
283 1949 519 2039 Theophrasto)
536 1953 669 2018 exuviae
688 1949 1064 2036 stellionum-aliquus
1083 1960 1129 2012 est
1150 1952 1274 2014 intrare

192 2060 226 2122 itt
241 2058 332 2121 docto
345 2081 485 2142 corpore.

236 2162 397 2250 Physieus
416 2173 475 2230 est.
497 2165 728 2254 Experimento
744 2164 835 2232 facit.
855 2191 871 2227 n
888 2161 1017 2248 Thales,
1033 2161 1099 2246 ait,
1112 2163 1181 2249 jam
1196 2181 1274 2250 pro·

192 2269 270 2337 elini
287 2281 465 2355 senectute,
487 2271 633 2339 divinam
653 2272 815 2339 rationem
833 2271 873 2340 de
891 2270 958 2338 sole
973 2281 1180 2336 commentus
1201 2278 1249 2336 est
1260 2291 1271 2354 3

184 2389 292 2468 'quam
315 2377 468 2467 equidem
487 2399 552 2446 non
575 2379 674 2447 didici
696 2379 806 2465 modo,
830 2371 943 2446 verum
968 2377 1067 2444 etiarn
1084 2376 1275 2460 experiendo

193 2485 433 2574 comprobavi⁶.
453 2512 468 2547 n
486 2487 576 2554 Alias
590 2487 759 2577 physicam
779 2486 950 2554 scientiam
968 2485 1007 2553 de
1028 2483 1189 2575 speculis²
1205 2504 1275 2550 ma·

192 2597 263 2685 jore
274 2593 435 2681 jactantia
448 2597 553 2682 {quam
562 2596 707 2680 ratione,
722 2595 861 2684 explieat
880 2603 1099 2681 ostentatque.
1118 2593 1157 2658 Et
1171 2611 1230 2657 nos
1243 2600 1274 2657 et

194 2699 360 2767 auditores
378 2720 455 2768 suos
470 2700 566 2767 docet·
576 2721 608 2768 se
627 2695 809 2767 aristotelis
829 2719 927 2788 opera
941 2703 1009 2785 Περὶ
1027 2707 1105 2776 ζώων
1124 2705 1271 2784 γενέσεως,

194 2811 262 2894 Περὶ
275 2815 353 2884 ζώων
365 2819 516 2892 ανατομῆς,
531 2811 599 2896 Περὶ
611 2815 688 2886 ζώων
705 2811 835 2895 ἱστορίας,
856 2831 870 2867 n
886 2804 1035 2872 ornatius
1053 2815 1084 2880 el
1099 2802 1275 2870 cohibilius

87 2945 93 2957 ·
197 2932 301 2998 graece
323 2927 355 2981 et
374 2911 475 2982 latine
494 2915 655 2982 adnixum
677 2909 745 2982 e'sse
769 2910 990 2990 conscribere,
1012 2920 1044 2977 et
1063 2910 1097 2976 in
1120 2907 1275 2976 omnibus

196 3030 255 3086 aut
269 3020 390 3088 omissa
403 3020 589 3109 anquirere,
614 3031 672 3088 aut
691 3021 814 3090 defecta
830 3017 1013 3109 supplere⁸.
1033 3042 1048 3079 n
1065 3017 1219 3098 Quaedam
1235 3016 1275 3085 de

194 3121 246 3190 his
264 3142 375 3190 eoram
391 3124 562 3213 judicibus
585 3127 716 3193 recitari
737 3125 847 3214 Jubet.
870 3125 1038 3193 Gloriatur
1058 3123 1146 3213 quod
1168 3125 1274 3192 multa

198 3249 294 3315 nova,
311 3231 352 3299 ad
366 3229 538 3299 historiam
552 3233 747 3301 animalium
761 3234 976 3323 pertinentia,
993 3232 1097 3298 latina
1114 3231 1274 3299 voeabula

197 3337 372 3427 protulerit
390 3357 400 3404 ε
420 3365 435 3400 n
451 3340 718 3428 Animadvertes,
742 3341 787 3407 ait
811 3341 852 3408 ed
867 3333 1082 3425 Maximum,
1104 3359 1209 3428 quum
1225 3351 1275 3404 res

196 3443 332 3529 cognitu
347 3464 455 3530 raras,
471 3455 544 3512 tum
565 3447 700 3513 nomina
714 3447 813 3514 etiam
827 3446 982 3514 Romania
996 3446 1166 3530 inusitata,
1188 3455 1220 3512 et
1240 3445 1275 3510 in

196 3549 412 3639 hodiernum,
433 3553 522 3642 quod
537 3554 656 3635 seiam,
673 3553 793 3628 infecta
809 3581 816 3622 z
834 3575 872 3621 ea
892 3563 1000 3620 tuanen
1017 3554 1152 3620 nomina
1166 3552 1276 3620 labore

197 3677 271 3725 meo
290 3668 322 3726 et
340 3659 450 3728 studio
465 3662 511 3726 ita
526 3660 566 3728 de
582 3661 697 3729 Grecis
716 3661 888 3751 provenire
905 3669 942 3727 ut
957 3672 1068 3728 tamen
1083 3659 1186 3727 latina
1205 3680 1278 3726 mo·

199 3777 275 3832 neta
290 3785 440 3854 pereussa
456 3767 535 3834 sint.
554 3793 569 3829 n
587 3771 604 3836 J
608 3779 685 3837 uvat
701 3788 779 3837 eum
798 3788 899 3858 quam
914 3767 1009 3838 docte
1028 3781 1135 3836 mores
1150 3767 1277 3834 anima·

234 4025 241 4058 ¹
262 4025 429 4090 apoteca.
444 4027 503 4066 -θ
519 4019 575 4093 rel,
591 4031 653 4082 tna.
669 4055 705 4068 -
720 4027 879 4090 ⁸1e.‚toe.
897 4054 932 4066 -
949 4026 1037 4092 erc..
1052 4030 1116 4081 aar.
1134 4053 1171 4068 -
1189 4026 1200 4062 ⁸
1219 4027 1276 4091 nt,

200 4111 306 4162 eto—
321 4107 922 4184 0r10r.,xv1n.-’Apot.‚rae-tea.-⁸
939 4115 995 4177 ra,
1011 4116 1117 4166 tra—
1131 4113 1276 4176 ⁹1d.,t8t.
