2942 4722
641 223 817 293 ,ρο-

187 353 244 423 uio
272 352 406 422 mortali
427 362 566 420 metuas.
595 353 667 420 lom
690 351 765 418 faxo
784 346 917 440 nuptias
935 371 1002 420 non
1027 351 1187 441 impares,
1209 355 1269 424 sed

187 459 356 547 legitimas
375 468 408 528 et
427 460 503 547 jure
525 458 616 528 civili
638 478 814 545 congruas.
831 461 870 525 Et
889 459 978 526 illico
996 479 1055 547 per
1067 459 1270 530 Mercurium

189 567 291 657 arripi
305 566 451 656 Psychen
466 576 498 634 et
511 566 675 634 instalum
692 564 830 654 perduci
840 563 950 654 jubet.
968 567 1120 634 Porrecto
1139 565 1270 636 umbro·

191 673 247 742 siae
266 674 411 763 poculo:
432 699 448 736 «
464 675 577 759 Sume,
600 672 721 762 inquit,
743 673 879 763 Psyche,
904 685 937 742 et
959 675 1157 744 immortalis
1173 686 1268 745 eso:

192 801 252 848 nec
266 801 415 869 uuquam
434 779 640 866 digredietur
654 801 673 846 a
687 791 746 848 tuo
764 800 851 848 ueru
866 782 1003 871 Cupido,
1022 782 1162 851 sedistae
1177 782 1271 852 robis

192 896 290 956 erunt
303 897 469 976 perpetuu
483 887 618 975 nuptio.
636 912 652 952 »

185 1055 188 1064 ,
235 995 310 1062 limo
319 994 430 1064 forsan
443 996 544 1084 paulo
554 995 722 1083 longiora3
736 995 795 1064 sed
808 1017 849 1064 eo
862 997 1157 1086 excusemurquod
1172 1017 1272 1087 prope

193 1100 313 1169 unicus
325 1102 445 1190 suique
457 1103 586 1189 generis
604 1103 640 1170 iu
655 1103 730 1170 totis
747 1102 858 1171 latinis
872 1104 989 1172 litteris
1001 1105 1093 1173 locus
1109 1105 1165 1172 ille
1177 1103 1273 1174 nohis

192 1208 283 1278 risus
297 1219 357 1280 est.
374 1211 445 1278 Non
459 1212 528 1297 jam
544 1210 736 1278 Africanum
752 1210 917 1278 rhetorem
932 1211 1106 1299 hahemus,
1127 1211 1184 1280 sed
1197 1229 1273 1280 vero

193 1315 348 1385 Latinum
364 1318 560 1385 Luciauum.

239 1421 325 1508 onio
343 1441 434 1490 auno
451 1421 492 1490 de
507 1422 660 1511 opinione
678 1423 739 1491 illa
757 1422 976 1510 censebimus„
995 1425 1135 1520 Psyches
1152 1427 1275 1495 scilicet

193 1526 310 1598 fabule
328 1527 535 1598 «altissimas
550 1549 676 1598 arcanae
694 1531 851 1599 doctrinm
863 1531 1020 1619 ambages
1035 1532 1195 1602 contineri
1205 1537 1213 1571 ¹
1223 1539 1269 1602 i»

194 1635 307 1704 Multis
319 1635 502 1726 iisdemque
516 1637 713 1706 doctissimis
728 1638 807 1706 viris
824 1638 872 1705 ita
889 1639 1015 1722 visum3
1032 1639 1089 1707 sed
1108 1661 1173 1708 uon
1192 1661 1275 1730 pau-

195 1742 254 1827 cis,
269 1764 377 1833 neque
391 1744 505 1812 minus
518 1742 635 1830 doctis,
652 1745 750 1831 louge
764 1743 870 1812 aliter.
886 1745 1044 1812 Eruditus
1059 1747 1211 1836 opusculi
1224 1748 1275 1813 De

197 1850 341 1938 Mystico
357 1852 492 1938 Apuleio
507 1851 653 1917 doctriua
666 1862 794 1937 auctor,
808 1862 982 1940 postquam
994 1851 1109 1920 doctos
1128 1853 1274 1940 omues',
1336 1838 1339 1852 ’

196 1977 340 2046 quorum
367 1959 561 2026 auctoritate
588 1979 689 2048 seque
715 1979 877 2048 suumque
907 1959 1095 2048 opinionem
1126 1970 1275 2048 tueatur,
1310 2041 1313 2044 ¹

196 2064 355 2152 protulit,
379 2064 448 2133 haee
468 2063 578 2134 addit³
594 2066 696 2146 :Quis
718 2065 782 2134 sub
803 2065 945 2154 Psyches
965 2087 1106 2154 persona
1129 2068 1275 2136 unimam

197 2171 377 2259 significari
390 2173 490 2262 possit
503 2172 669 2252 dubitare,
690 2173 835 2259 invidia,
851 2175 946 2242 malis
961 2174 1127 2261 omnibus,
1143 2177 1278 2265 quando

89 2367 91 2373 Ι
196 2297 332 2368 corpore
354 2281 575 2365 contineatur,
594 2280 789 2365 obnoxiam3
810 2282 867 2348 sed
890 2302 1009 2371 puram
1032 2283 1159 2372 utique,
1182 2293 1216 2350 et
1236 2283 1278 2354 ad

198 2406 329 2476 supera,
350 2400 448 2457 exuto
463 2409 608 2478 corpore,
629 2389 895 2458 revolanterui...
921 2391 979 2457 liic
998 2391 1144 2480 plurima
1158 2391 1279 2460 altissi-

199 2513 261 2561 mae
278 2504 312 2561 et
333 2496 584 2585 antiquissimu,
603 2497 784 2566 deformata
803 2497 893 2574 licet,
908 2495 1122 2586 philosophie
1140 2499 1289 2587 vestigia.

200 2600 442 2691 deprehendere
469 2604 518 2671 fas
542 2615 601 2671 est.
622 2630 638 2666 n
659 2607 731 2672 Nou
755 2614 905 2672 nostrum
931 2616 980 2673 est
1003 2607 1147 2695 prolecto
1172 2616 1280 2676 tantas

200 2729 394 2799 componere
408 2711 493 2796 lites,
507 2712 562 2781 sed
576 2711 672 2779 aliter
684 2711 844 2799 opinandi
856 2713 986 2780 veniam
998 2714 1176 2804 poscimus.
1193 2714 1279 2794 Quiu

201 2817 329 2906 priscus
350 2819 469 2907 ruphi,
484 2830 662 2909 autequam
683 2817 799 2886 fabula
811 2818 916 2902 fieret,
931 2839 1046 2886 seusus
1059 2818 1135 2886 talis
1147 2820 1203 2905 sit,
1222 2831 1281 2890 aut

201 2924 253 2993 his
265 2926 448 3016 proximus,
466 2928 631 2994 neminem
645 2947 780 3018 prorsus
791 2925 943 2994 dubitare
953 2945 1046 3015 posse
1060 2926 1263 2996 arbitramur
1268 2949 1281 3013 3

203 3034 259 3102 sed
273 3035 374 3119 idem,
387 3036 475 3123 apud
490 3036 683 3124 Apuleium,
696 3037 731 3102 iu
744 3055 799 3102 ore
811 3059 829 3099 u
840 3035 950 3102 delirus
964 3046 996 3101 et
1008 3034 1198 3103 temulento
1208 3036 1283 3104 ani-

203 3141 306 3208 oolae⁴
323 3167 338 3202 u
355 3143 541 3228 siguificare
555 3163 622 3210 non
645 3142 919 3231 imperspicuum
938 3142 1021 3208 mihi
1036 3141 1179 3209 ridetur.
1195 3143 1283 3224 Quid

204 3249 314 3316 enimi
327 3249 480 3316 lectorem
493 3269 594 3318 suum
607 3249 769 3339 Apuleius
781 3269 838 3337 per
852 3260 898 3316 tot
912 3248 1087 3334 horrenda,
1099 3247 1240 3316 ridicula
1250 3259 1284 3316 et

205 3359 316 3448 turpia
336 3359 371 3424 iu
393 3358 583 3446 speluncam
608 3355 693 3424 hanc
713 3357 880 3424 latronum
902 3355 1104 3441 adduxisset,
1120 3367 1158 3423 ut
1170 3354 1284 3424 subito

206 3465 246 3534 de
264 3464 374 3554 lepido
389 3483 516 3532 necnon
531 3464 700 3530 interdum
722 3461 871 3530 obseaeuo
885 3472 1053 3528 narratore
1067 3472 1284 3550 mystagogus

205 3571 325 3658 laotuS,
349 3591 475 3640 aroana
494 3583 528 3639 et
552 3570 785 3664 philosophica
809 3568 966 3638 doctrino
988 3567 1191 3636 venerandas
1212 3587 1286 3634 am-

207 3679 307 3768 bages
322 3681 507 3749 evolveret?
529 3680 607 3748 Mire
629 3679 764 3767 quidem
781 3687 812 3746 et
827 3676 938 3746 locum
953 3686 984 3744 et
999 3687 1142 3764 tempus,
1157 3673 1198 3742 ad
1212 3674 1286 3764 phi·

244 3935 254 3968 ¹
276 3939 312 3986 De
325 3939 439 4000 mystica
454 3935 552 4000 Apulei
572 3929 711 3999 doctrina,
732 3935 819 3988 These
832 3941 964 3986 soutenue
977 3933 1075 3984 derant
1090 3895 1114 3983 la
1129 3929 1239 3983 inculto
1253 3927 1287 3983 de

208 4020 293 4084 Paris,
306 4033 339 4072 ou
355 4022 434 4083 1839,
452 4034 498 4086 par
509 4022 543 4072 ll.
557 4021 742 4086 componatur,
759 4037 783 4086 p.
804 4024 845 4074 16.
865 4045 900 4060 -
918 4020 929 4052 ¹
948 4016 990 4071 td.
1003 4018 1065 4057 -θ
1085 4021 1141 4082 ld„
1156 4033 1181 4083 p.
1195 4018 1236 4070 li·
1248 4041 1285 4058 ·-

210 4103 222 4140 ⁸
239 4108 316 4161 Tom.
327 4107 384 4170 l,p.
398 4107 461 4160 tau.
