2942 4722
642 216 820 284 43..
901 239 907 248 -

321 416 418 468 Verum
433 413 481 466 uhi
497 413 574 480 plura
589 413 677 467 nitent
691 413 719 464 in
734 411 928 476 criminarer
945 426 993 480 ego
1005 408 1097 481 paucis

322 505 447 558 Offendor
461 504 577 556 maculis
581 538 971 557 .........

198 653 325 738 Quibus
338 655 493 744 exceptis,
510 653 670 742 lpnteius
685 653 733 722 ibi
751 653 817 720 lere
835 653 951 744 (neque
973 655 1006 720 id
1030 675 1150 744 perum
1170 632 1277 729 mira-

94 774 99 781 ’
197 760 264 829 hile
283 767 343 844 est)
358 763 391 827 in
408 761 621 828 describendo
639 781 771 850 parona,
797 762 832 827 in
852 761 1035 850 perorando
1059 763 1220 850 modicus.
1241 767 1277 834 in

199 869 364 936 narrando
385 867 494 936 brevis
513 878 546 934 et
566 887 710 958 pressae,
735 867 889 956 plurimis
910 866 989 934 loeis
1009 867 1076 934 sale
1099 879 1131 938 et
1153 870 1279 940 facetiis

199 986 339 1045 scatens.
353 976 690 1044 Totanarratiuncula
701 974 849 1044 viridum
860 974 987 1062 aliquid
995 984 1026 1040 et
1038 975 1144 1044 alacre
1155 978 1259 1068 spiret
1264 1000 1276 1062 ς

199 1083 349 1172 expedite
370 1093 401 1150 et
425 1083 507 1150 levis
533 1083 732 1172 ingreditur.
760 1081 810 1150 Ab
837 1069 992 1160 dirioano
1019 1083 1147 1150 rhetore
1176 1085 1279 1154 latine

199 1191 330 1276 vestita,
358 1190 505 1257 incessus
528 1189 660 1258 levitate
689 1200 720 1256 et
748 1199 920 1257 venustate
947 1190 1089 1258 Atticam
1116 1191 1279 1276 originem

198 1297 321 1387 prodit.

244 1404 314 1472 Dixi
325 1405 534 1494 aliquantum
550 1404 658 1473 satira
671 1404 835 1472 oomoediae
844 1404 1035 1472 immisceri.
1047 1403 1113 1472 Hoc
1126 1405 1214 1472 enim
1226 1425 1282 1494 pe7

200 1513 368 1592 culiariter
390 1513 510 1580 fabella
532 1513 602 1581 haee
620 1513 840 1600 distinguitur
862 1513 950 1602 quod
971 1511 1200 1602 Aristophanis
1222 1535 1281 1581 uos

200 1631 231 1710 et
246 1621 383 1688 Luciani
399 1622 563 1690 admovet.
579 1623 702 1688 Rarum
718 1620 851 1710 quidem
867 1620 955 1708 apud
968 1619 1113 1687 Latinos
1132 1621 1202 1686 Non
1217 1619 1283 1688 dis·

199 1726 335 1817 plieehit
351 1749 429 1815 ergo
444 1727 580 1796 miseros
594 1727 670 1795 illos
683 1731 762 1794 lleos
777 1727 998 1811 immortales,
1015 1749 1032 1792 a
1052 1726 1205 1814 regendis
1220 1726 1284 1794 hu·

200 1834 308 1901 manis
320 1833 419 1902 rebus
431 1835 666 1902 contumeliose
676 1834 982 1924 dejectos,qualiter
993 1836 1033 1902 ab
1044 1835 1145 1924 impio
1156 1833 1284 1902 rhetore

198 1940 398 2028 habeantur,
417 1943 646 2032 contemplari.
669 1945 741 2012 Nou
756 1942 918 2010 mediocre
934 1951 1169 2008 ornamentum
1184 1939 1226 2006 ab
1243 1940 1284 2007 iis

201 2049 335 2140 Apuleii
349 2050 534 2116 narrationi
549 2049 694 2116 accessit.
979 2119 985 2126 ,

244 2159 317 2224 Jam
331 2168 362 2224 et
377 2158 415 2225 de
434 2157 505 2246 ipso
520 2156 679 2247 Cupidine
700 2176 819 2245 perum
839 2165 1025 2225 reverenter
1044 2162 1155 2220 noster
1174 2153 1285 2244 loqui·
1392 2139 1397 2148 ’

201 2278 269 2348 tur,
289 2285 364 2333 oum
380 2285 458 2332 eum
481 2265 686 2353 «pinnatum
701 2262 798 2330 illum
814 2272 845 2330 et
860 2262 938 2330 satis
954 2260 1209 2330 temerarium...
1225 2261 1285 2350 qui

201 2373 285 2440 nihil
305 2393 440 2462 prorsus
462 2371 542 2445 honi
555 2371 670 2458 sectr,
686 2397 702 2434 n
722 2370 882 2460 appellat;
903 2389 1008 2458 neque
1024 2368 1144 2458 maj0ri
1164 2369 1284 2457 pietate

201 2478 382 2544 lrirtnoeum
395 2480 495 2563 deum
513 2481 602 2546 Pane
620 2488 805 2566 nuncupat,
827 2496 926 2568 quern
942 2476 1079 2563 iusuper
1101 2467 1229 2545 inducit
1246 2489 1284 2544 nt

203 2609 236 2656 se
257 2587 462 2655 rusticanum
482 2596 513 2652 et
529 2585 707 2676 opilionem
726 2605 795 2654 esse
814 2583 1020 2652 confiteatur.
1049 2581 1305 2675 811111111111111Ι

180 2782 182 2786 ι
203 2693 340 2763 minime
354 2693 525 2784 pepercit..

247 2801 363 2886 Gavia,
377 2800 514 2867 verbosa
529 2809 560 2866 et
575 2799 653 2866 satis
666 2797 795 2868 curiosa
810 2797 891 2882 aris,
907 2797 949 2864 ad
963 2799 1122 2864 Venerem
1136 2796 1285 2886 primum

203 2909 360 2977 nuntium
381 2906 551 2994 Cupidinis
574 2918 605 2972 et
628 2901 767 2992 Psyches
787 2925 939 2972 amorum
959 2903 1122 2992 adportat.
1144 2903 1229 2984 Quid
1243 2902 1285 2970 ad

201 3013 271 3086 hec
291 3042 307 3076 c
323 3015 506 3088 AEneadum
521 3013 678 3100 genitrix,
695 3011 867 3078 hominum
882 3009 1065 3096 divumque
1082 3010 1286 3098 voluptas‘ln.

254 3123 370 3208 «Ergo
392 3122 465 3209 jem
487 3120 544 3187 ille
566 3118 674 3186 bonus
697 3117 787 3186 filius
813 3137 907 3184 meus
932 3115 1032 3183 habet
1058 3117 1197 3184 amicam
1224 3115 1285 3182 ali·

204 3231 342 3322 quam²t
361 3231 477 3298 Prome
496 3226 682 3317 agedum...
698 3245 818 3292 nomen
836 3224 921 3312 ejus,
943 3245 1016 3312 quae
1031 3244 1171 3313 puerum
1189 3223 1286 3309 inge-

205 3358 311 3405 nuum
327 3351 359 3404 et
371 3337 533 3404 investem
547 3331 747 3402 sollicitavit.
761 3359 777 3396 n
797 3334 835 3397 Et
849 3330 961 3398 audito
975 3329 1115 3420 Psyches
1125 3330 1258 3396 nomine
1273 3351 1283 3394 1

208 3471 223 3508 n
249 3445 414 3512 Nimirum
437 3435 530 3509 istud
545 3440 787 3508 incrementum
812 3437 920 3504 lenem
945 3453 997 3504 me
1021 3436 1161 3526 putavit,
1188 3435 1285 3522 cujus

206 3561 390 3620 monstratu
406 3548 552 3638 puellam
567 3545 660 3614 illem
673 3554 894 3632 cognosceret.
916 3568 931 3604 n
982 3623 984 3627 Ι

253 3685 269 3720 c
295 3660 367 3726 llaec
390 3656 554 3745 quiritans
578 3651 758 3744 properiter
781 3653 924 3744 emergit·
945 3670 961 3716 e
985 3648 1089 3734 mari,
1116 3668 1284 3738 suumque

204 3765 356 3860 protinus
370 3782 511 3831 aureum
526 3760 710 3828 thalamum
727 3757 843 3848 petiit3
861 3770 893 3824 et
907 3766 1048 3848 reperto,
1065 3755 1150 3823 sicut
1170 3755 1285 3824 audie-

205 3872 270 3955 rat,
284 3883 406 3960 aegroto
419 3890 534 3960 puero,
548 3869 616 3958 jam
630 3868 706 3934 inde
721 3865 878 3936 aforihus
889 3886 990 3956 quem
1003 3865 1145 3934 menime
1158 3863 1282 3934 honus:

242 4115 251 4149 ¹
271 4115 346 4166 Tom.
358 4113 380 4175 l,
394 4126 419 4177 p.
435 4108 497 4164 aot.
518 4135 552 4148 —
572 4109 583 4142 ¹
602 4105 696 4174 nt.,p.
712 4097 806 4160 ether
819 4106 887 4160 suiv.
