2942 4722
647 216 826 284 ,36-

133 359 136 367 ’
190 351 344 414 versione.
373 348 467 415 Vivet
482 345 634 437 deinceps
647 346 769 414 Lucius
786 311 978 414 causidicus
996 355 1028 414 et
1044 349 1273 434 percapturus.

236 459 348 541 Longe
362 455 496 543 quidem
521 455 634 521 taliea
657 452 758 520 totius
771 451 892 520 sabula
915 453 1041 520 ratione
1061 453 1271 544 discrepant3

190 561 247 631 sed
262 562 346 628 nihil
362 561 466 647 aliud,
485 581 557 628 meo
574 570 660 628 certe
672 559 811 648 judicio,
833 560 1032 647 significant,
1049 561 1113 628 nisi
1131 582 1274 650 magno-

190 659 268 758 p‘ere
287 668 480 757 Apuleium,
498 669 719 756 inexspectata
742 677 874 756 repente
893 665 1072 735 lectoribus
1096 669 1165 736 suis
1179 669 1284 738 exhi··
1311 679 1316 692 ’

187 773 311 856 hendo,
340 774 509 853 delectari,
530 793 672 862 eumque
698 772 825 859 ingenii
853 772 975 840 samam
999 795 1065 841 non
1088 775 1123 841 in
1145 776 1272 846 facetiis

190 880 289 950 modo
312 891 344 948 et
368 881 487 970 lepidis
510 879 783 963 narratiunculis,
812 878 868 946 sed
889 880 924 946 iu
945 879 1103 966 gravibus
1124 903 1269 972 quoque,

190 1009 350 1078 quaerere.
371 987 463 1066 Quod
485 987 514 1053 si
543 986 610 1070 cui,
632 985 908 1075 Metamorphoses
932 996 1062 1055 tantum
1085 988 1209 1075 legenti
1237 1003 1270 1058 et

188 1092 403 1162 undecimum
426 1092 517 1160 huuc
550 1091 676 1158 librum
707 1091 847 1162 maxime
874 1087 1095 1160 consideranti
1125 1095 1268 1164 dubium

128 1219 130 1224 ’
186 1200 299 1284 fuerit,
321 1210 428 1267 cetera
448 1197 597 1288 ejusdem
612 1198 768 1282 auctoris,
783 1198 818 1264 in
834 1198 957 1287 quihus
977 1200 1047 1288 ipse
1065 1200 1105 1268 de
1123 1221 1157 1269 sa
1178 1204 1271 1269 testi·

186 1308 338 1374 monium
355 1305 445 1390 dicit,
469 1304 627 1372 attentius
647 1304 847 1392 inspicienti,
862 1305 959 1394 plane
981 1307 1194 1375 manifestum
1209 1329 1269 1398 ap-

186 1413 328 1504 parebit.

232 1525 459 1607 interrogatus
473 1519 542 1608 ipse
556 1518 720 1607 Apuleius
734 1517 869 1608 quidde
884 1539 1059 1589 accensere
1075 1521 1268 1610 debeamus,

186 1628 396 1718 respondeat.
407 1629 527 1694 Praesto
542 1633 621 1691 sunt
632 1624 765 1692 Florida
775 1636 807 1693 et
821 1627 997 1715 Apologia,
1014 1655 1030 1690 u
1045 1628 1234 1719 plenaipso.
1247 1656 1263 1694 u

185 1735 338 1802 Sciamus
350 1733 485 1801 demum
504 1751 587 1797 num
602 1731 838 1821 philosophum
852 1743 929 1802 ante
945 1735 1058 1803 oculos
1071 1734 1268 1825 habeamus,

184 1852 217 1909 et
232 1840 261 1909 si
275 1839 524 1930 philosophum,
538 1836 683 1926 qualem.

628 2102 811 2112 ...on——

416 2317 460 2369 xl.
480 2346 515 2356 -
534 2319 600 2370 NUM
618 2319 841 2403 nultosonlttls
859 2319 1027 2374 tentatus,

226 2495 392 2573 Primum,
411 2495 440 2560 si
458 2494 599 2583 Apuleio
620 2495 785 2564 credimus
809 2495 909 2581 (nihil
928 2517 1064 2586 prorsus
1085 2499 1268 2588 jucundius

181 2600 281 2668 habet
303 2621 403 2689 quam
425 2599 465 2666 de
483 2620 516 2667 se
538 2601 609 2688 ipso
629 2602 752 2691 loqui),
767 2623 831 2669 non
856 2602 1071 2692 philosophus
1091 2605 1189 2674 modo
1204 2621 1264 2693 est,

182 2706 238 2777 sed
252 2713 485 2802 φιλοᾳοφώτατος.
500 2705 744 2796 Philosophiam
762 2708 798 2774 iu
819 2728 874 2776 ore
895 2729 1023 2798 semper
1036 2710 1147 2779 hahet.
1162 2714 1268 2782 luot-

181 2835 258 2883 mus
269 2835 349 2882 eum.
358 2813 616 2903 proclamantem
631 2835 640 2879 :
653 2839 669 2876 u
678 2815 782 2903 lllajor
792 2835 885 2882 meus
894 2815 1041 2884 Socrates
1051 2821 1078 2902 ¹;
1092 2843 1108 2879 »
1121 2829 1152 2885 et
1165 2847 1181 2882 u
1192 2839 1264 2906 uos,

180 2922 351 2990 Platonica
374 2920 532 2987 familia2.
550 2946 565 2981 u
588 2921 691 2987 Nemo
716 2922 823 3008 magis
846 2921 944 2990 falsos
965 2922 1189 3014 philosophae,
1212 2947 1267 2996 eos

181 3049 297 3118 nempe
319 3026 378 3115 qui
399 3053 416 3088 u
434 3026 535 3114 pallio
556 3025 702 3093 tenus³n
726 3028 937 3118 philosophos
957 3029 1143 3118 imitantur,
1164 3059 1178 3095 u
1194 3035 1268 3122 pal-

179 3135 261 3204 liata
283 3131 535 3200 mendicabula⁴
552 3157 567 3193 u
592 3136 786 3202 contemnit.
809 3135 884 3202 Sese
909 3148 1052 3224 augusto
1076 3139 1185 3226 caetui,
1210 3144 1265 3210 cui

179 3240 402 3333 Epimenides,
419 3238 580 3328 Orpheus,
604 3237 820 3328 Pythagoras,
840 3242 1078 3330 Empedoclea,
1091 3245 1217 3312 Socrati
1232 3258 1265 3312 et

179 3349 310 3419 Platoni
321 3347 597 3430 adnumerantur,
613 3356 773 3433 aggregat
783 3345 807 3414 ⁵.
819 3348 994 3416 Aristotele
1007 3350 1106 3417 etiam
1119 3361 1151 3418 et
1164 3350 1264 3418 Theo·

133 3443 135 3448 ⁸
178 3457 313 3548 phraslo
336 3481 352 3516 u
371 3451 577 3540 majoribus⁶
594 3478 611 3515 a
636 3452 810 3539 gloriatur.
837 3455 973 3523 Platone
994 3456 1136 3546 denique
1160 3451 1264 3526 «vila

178 3565 338 3651 magistro
348 3561 358 3597 ⁷
369 3586 385 3624 n
400 3559 450 3626 vel
464 3559 499 3625 in
515 3558 661 3626 minimis
676 3561 795 3628 utitur.
808 3563 878 3628 Non
893 3562 1062 3651 perillum
1077 3564 1166 3632 stetit
1179 3585 1262 3654 quo-

177 3671 291 3740 minus
303 3667 471 3737 verissime
486 3664 712 3755 philosophari
724 3666 925 3736 crederetur.

221 3780 322 3845 Fama
347 3785 460 3844 autem
485 3772 635 3861 ejusdem
658 3773 757 3861 longe
785 3774 877 3844 aliud
901 3787 1006 3843 sonat.
1035 3777 1098 3859 Qui
1123 3797 1192 3846 non
1214 3779 1260 3846 ita

212 4023 221 4056 ¹
242 4017 367 4079 erarem,
384 4015 411 4067 a.
429 3989 466 4052 '-
491 4015 501 4047 2
522 4017 610 4080 apoc,
636 4017 704 4080 555,
725 4019 789 4071 sao.
811 4046 841 4056 -
863 4018 874 4052 ⁸
894 4020 948 4083 ra,
968 4022 993 4073 r.
1013 4047 1048 4060 -
1067 4020 1079 4056 ⁴
1097 4018 1157 4086 ra,
1176 4026 1201 4076 a.
1222 4050 1258 4062 -

176 4105 187 4140 ε
206 4104 294 4171 rpor,
312 4102 375 4153 rso.
395 4124 431 4136 --
450 4098 460 4131 ⁶
479 4095 535 4162 ta,
552 4099 596 4153 ee.
616 4125 652 4138 -
670 4097 681 4132 '¹
700 4097 757 4165 ra,
774 4105 834 4156 lor.

1462 3877 1469 4164 l

1453 4215 1468 4692 l
