2942 4722
655 262 700 294 ..³
722 239 768 311 20
789 279 835 293 ..-

496 497 561 550 Vlll.
582 523 618 534 ·-
636 495 679 547 DE
699 491 998 546 DESCRIPTIOMBUS.

249 693 339 764 Nihil
358 708 494 782 prorsus
513 684 620 770 magis
641 677 916 768 descriptionibus
939 676 1220 744 accommodatum
1237 687 1287 746 est

210 823 311 895 quam
331 793 527 887 hujusmodi
542 789 657 858 fabula
672 805 745 875 quae
759 805 816 875 per
832 794 878 852 tot
892 784 963 850 loca
981 792 1013 849 et
1032 783 1115 849 vices
1129 783 1286 850 lectorem

206 905 425 981 circumducit
433 925 443 985 ;
458 903 526 967 imo
540 897 640 964 etiam
654 892 737 960 nihil
758 892 864 978 magis
882 889 1077 978 hujusmodi
1091 888 1212 957 fabulae
1226 911 1286 956 ne-

208 1016 384 1087 cessarium
406 1028 507 1099 quam
524 1004 646 1073 crebra
669 1000 920 1096 descriptionem
937 997 1042 1065 ricem
1060 996 1195 1086 pictoris
1209 1009 1287 1084 agat

200 1126 345 1214 scriptor
364 1137 506 1208 persaepe
528 1120 666 1201 oportet,
683 1129 721 1174 ea
738 1116 845 1174 tamen
867 1091 1062 1172 conditione
1074 1115 1110 1172 ut
1124 1105 1204 1171 artis
1219 1125 1287 1174 suae

206 1232 363 1304 terminos
377 1247 443 1294 non
456 1221 599 1290 excedat.

250 1335 510 1424 Descriptionum
533 1329 639 1414 igitur
659 1326 695 1392 in
714 1321 855 1412 Apuleio
870 1319 1001 1388 abunde
1020 1329 1079 1402 est,
1098 1339 1204 1407 quum
1220 1339 1286 1387 non

150 1481 152 1484 ¹
203 1449 303 1520 modo
319 1443 425 1534 operis
439 1439 491 1505 lex
506 1436 552 1502 ita
563 1433 673 1516 ferret,
688 1429 745 1498 sed
760 1439 791 1496 et
806 1427 949 1494 auctoris
965 1426 1140 1512 ingenium
1154 1425 1220 1492 huc
1233 1427 1287 1492 in-

206 1559 354 1627 clinaret.
375 1547 478 1616 Multo
498 1543 584 1612 enirn
605 1539 735 1608 facilius
756 1547 803 1604 est
824 1535 890 1602 tale
907 1535 1006 1602 decus
1027 1533 1148 1601 fabule
1167 1533 1286 1602 addere

206 1685 308 1757 quam
332 1675 488 1749 personas
509 1652 576 1716 vita
603 1647 677 1724 hac,
705 1644 802 1732 cujus
825 1641 962 1710 maximi
985 1651 1087 1728 poetae
1112 1640 1285 1726 largitores

204 1781 297 1850 sunt,
316 1769 449 1836 donare.
466 1759 566 1826 Plane
582 1762 716 1844 apparet
731 1750 911 1838 Apuleium
926 1749 962 1814 in
977 1745 1203 1833 describendo,
1218 1768 1285 1818 non

204 1878 320 1952 lectori
345 1872 443 1942 modo
466 1866 521 1936 sed
544 1873 575 1932 et
600 1859 664 1929 sibi
681 1859 810 1949 plaeere
832 1856 987 1940 voluisse,
1013 1865 1103 1922 tanto
1126 1875 1236 1924 amore
1254 1866 1286 1923 et

205 1987 315 2058 studio
333 1991 462 2072 partem
480 1975 565 2042 hano
585 1967 691 2060 operis
707 1967 758 2034 sui
782 1963 945 2032 tractavit.
968 1961 1068 2031 Nulla
1083 1963 1206 2030 etenim
1221 1963 1287 2030 alia

206 2093 424 2186 patentiorem
445 2093 477 2150 et
498 2077 768 2170 opportuniorem
792 2072 843 2139 illi
862 2091 1015 2159 campum
1038 2068 1221 2158 praebebat,
1244 2069 1287 2138 ad

206 2194 475 2294 periclitandum,
491 2200 528 2256 ut
543 2187 612 2274 ipse
627 2185 685 2268 eit,
701 2181 876 2268 ingenium
892 2187 923 2245 ot
938 2176 1169 2265 explicandam
1184 2177 1287 2245 soler*

206 2309 301 2378 tiam.
316 2303 407 2371 Unde
421 2296 482 2365 toti
495 2293 616 2361 fabulae
630 2310 695 2357 uon
712 2286 874 2354 mediocre
890 2283 989 2351 decus
1004 2283 1150 2354 accessit.

251 2411 427 2498 Praecipuae
445 2413 523 2471 sunt
537 2397 679 2488 Apuleio
697 2395 733 2462 in
752 2390 966 2462 describendo
987 2390 1126 2457 virtutes
1144 2399 1222 2473 tres,
1239 2391 1287 2457 le-

206 2543 277 2614 pos,
297 2519 392 2604 vigor
413 2523 444 2580 et
469 2529 561 2593 cura,
581 2507 627 2572 ita
645 2513 683 2571 nt
702 2513 860 2589 tanquam
878 2499 941 2564 tria
956 2495 1212 2584 descriptionum
1229 2517 1288 2582 ge-

207 2647 287 2698 nera
304 2626 340 2692 in
357 2624 429 2709 ejus
448 2635 544 2705 opere
564 2609 726 2697 distingui
746 2609 901 2696 possunt;
916 2623 961 2670 eae
976 2603 1100 2670 scilieet
1113 2602 1147 2668 in
1164 2601 1288 2691 quibus

210 2736 352 2808 maxime
367 2733 456 2818 lepos
469 2727 553 2792 inest
568 2731 625 2789 aut
641 2727 813 2810 venustas3
834 2733 977 2803 quarum
1002 2712 1191 2801 exemplum
1206 2733 1288 2801 praua

205 2844 310 2928 babit,
334 2841 369 2908 in
391 2835 488 2904 tertio
502 2829 600 2914 libro,
617 2826 739 2894 Lucius
755 2821 930 2910 grabatulo
945 2819 1104 2903 insidens,
1121 2828 1152 2885 et
1166 2819 1291 2886 hester-

207 2973 291 3024 num
309 2947 441 3017 lacinus
460 2960 559 3008 suum
580 2934 718 3030 deflens,
745 2939 802 2998 aut
820 2928 908 2997 idem
924 2927 958 2994 in
974 2926 1106 2992 asinum
1120 2935 1288 3008 mutatus3

207 3061 273 3131 illae
291 3058 326 3124 in
344 3050 466 3142 quibus
479 3047 587 3132 vigor,
607 3039 728 3130 qualis,
744 3037 781 3104 in
796 3046 913 3123 quarto
926 3030 1024 3117 libro,
1042 3031 1290 3099 convivantium

209 3167 395 3243 latronum;
417 3156 488 3223 aliae
508 3150 663 3237 denique,
682 3145 717 3211 in
738 3142 860 3232 quibus
881 3161 972 3224 cura,
991 3137 1116 3228 quales,
1134 3139 1168 3205 in
1184 3138 1291 3205 omni-

206 3273 271 3343 hus
288 3268 396 3351 tibris,
419 3258 602 3352 permultae,
617 3255 664 3320 ita
680 3260 719 3318 ut
742 3269 842 3339 quam
863 3246 1073 3336 potissimum
1092 3244 1289 3331 indicemus,

208 3381 403 3450 haereamus.
420 3368 471 3436 Ab
486 3386 553 3434 nna
566 3375 674 3430 temen
691 3360 731 3428 de
746 3355 902 3426 omnihus
914 3353 1064 3442 judicare
1079 3353 1212 3441 poterit,
1231 3351 1290 3441 qui

207 3491 326 3559 domus
345 3477 520 3570 Byrrhena
535 3468 799 3557 descriptionem,
814 3463 849 3528 in
864 3461 1007 3529 secundo
1026 3459 1124 3543 libro,
1138 3460 1290 3546 perlege*-

212 3593 256 3664 rit
272 3573 330 3660 :iri
346 3608 411 3679 qua
426 3584 471 3651 sic
486 3586 636 3647 accurate
657 3580 787 3655 cuneta,
801 3567 850 3636 vel
866 3565 1090 3633 minutissima
1103 3565 1291 3652 depingun-

212 3714 268 3771 tur
288 3707 326 3768 ut
344 3697 455 3764 locum
476 3688 565 3754 huuc
586 3703 625 3750 er
648 3679 759 3767 aliquo
784 3672 1084 3742 remotissimorum
1102 3671 1165 3737 hoo
1185 3689 1291 3757 genus

209 3817 384 3878 auctorum
395 3795 592 3866 translatum
608 3807 676 3856 esse
692 3784 851 3852 crederes.
864 3779 951 3847 Nihil
963 3799 1039 3846 sane
1050 3776 1291 3866 ampliusSeot·

210 3918 275 3984 tius
290 3921 347 3978 aut
361 3902 528 3974 Balnaeins
544 3898 612 3984 ipse
633 3889 867 3960 desiderarent.
888 3887 998 3974 Neque
1020 3894 1129 3950 tamen
1144 3883 1224 3968 haeo,
1247 3892 1292 3950 et·

207 4025 236 4092 si
254 4017 391 4088 lorsitau
408 4002 629 4094 longiuscula,
650 3996 784 4066 omnino
800 4016 839 4062 cx
854 4014 888 4060 re
909 4004 986 4059 sunt
1003 4012 1014 4074 ;
1040 4000 1109 4057 erat
1132 3990 1221 4057 enim
1239 3987 1291 4055 his

206 4133 312 4199 loeus.
329 4121 460 4190 Utinam
479 4129 607 4199 semper
621 4117 652 4174 et
668 4103 790 4192 ubique
804 4102 850 4167 ita
863 4100 963 4166 forett
