2942 4722
620 179 833 294 ſsia-

204 357 279 434 Quaa
294 355 404 422 omnia
419 375 547 443 parum,
560 356 626 422 imo
640 356 775 424 minime
789 366 882 423 curat
897 359 1068 446 Apuleius.
1084 365 1123 429 ttt
1138 368 1196 453 qui
1211 377 1284 436 tan-

204 476 275 529 tum
290 465 423 530 lectores
437 471 514 530 suos
533 461 705 546 delectare,
727 463 826 551 idque
841 485 974 553 quoquo
991 469 1100 551 modo,
1118 471 1151 536 iu
1169 475 1281 542 animo

202 561 313 653 lrabe't,
328 590 392 638 non
408 569 574 658 exemplar
588 570 871 654 vita-morumque
885 573 1029 660 respicit,
1044 577 1113 660 sed,
1127 580 1280 648 Fontanii

201 675 305 742 instar
323 676 468 764 Psychen
484 696 578 743 suam
598 675 781 762 scribentis
802 678 913 746 studia
932 677 1118 767 bominum,
1140 707 1206 775 quo
1227 690 1280 754 irr-

201 781 336 864 clineut,
357 783 559 861 considerat,
580 794 611 850 et
631 784 690 854 ubi
713 805 751 851 ea
774 785 815 851 ud
834 787 977 872 magiam
1003 799 1034 855 et
1056 790 1196 878 ineptias
1217 795 1280 863 hoc'

200 909 306 976 gertus
317 889 475 958 inclinare
486 890 580 969 vidit,
597 890 728 979 plenam
742 891 859 976 magiae
872 904 903 958 et
913 893 1115 982 ineptiarum
1127 898 1276 968 fabulam

200 997 386 1064 conscribit.
403 997 477 1064 Alio
490 1006 541 1065 eat
558 997 617 1086 qui
630 997 693 1064 sibi
708 997 835 1086 aliquid
848 998 1038 1068 documenti
1050 1006 1179 1092 quaerit.

131 1147 134 1154 λ
243 1103 365 1191 Aliqua
379 1115 488 1170 tamen
504 1125 543 1174 ex
558 1115 626 1171 toto
641 1104 726 1172 libro
748 1104 811 1173 sub
832 1104 893 1172 boo
918 1107 1022 1196 eapite
1046 1112 1121 1197 cogi
1139 1127 1279 1200 possunt

199 1230 272 1298 qnae
284 1211 462 1299 Apuleium
483 1220 514 1278 et
536 1211 713 1278 aflectuum
729 1220 760 1277 et
781 1231 911 1280 morum
934 1214 1082 1304 seientia,
1107 1229 1193 1288 certe
1209 1243 1276 1290 nou

199 1317 388 1402 eminuisse,
405 1317 460 1386 sed
474 1328 507 1386 et
521 1338 586 1386 non
610 1318 744 1388 oncino
756 1319 898 1386 caruisse
913 1319 1112 1408 significant.
1125 1328 1204 1405 Quae
1220 1349 1279 1397 au·

200 1440 263 1491 tem
279 1423 320 1491 ad
335 1425 470 1492 allectus
487 1424 662 1515 pertinent,
680 1445 717 1492 ea
737 1425 804 1492 fere
825 1425 937 1492 omniu
956 1427 998 1494 ad
1020 1447 1165 1498 amorem
1185 1453 1275 1522 spec-

197 1540 287 1614 tant,
305 1529 385 1598 adeo
401 1531 471 1620 ejus
486 1530 634 1598 studium
655 1531 831 1610 nouissime
842 1531 991 1602 homiues
1002 1546 1127 1604 exuunt
1140 1542 1153 1603 l
1271 1621 1276 1629 ι

242 1638 536 1705 Accuratissimum
550 1631 765 1727 lepidumque
779 1638 894 1727 capitis
913 1650 944 1706 et
964 1640 1160 1728 capillorum
1179 1667 1275 1714 euco-

199 1745 303 1812 mium
319 1744 447 1832 scripsit
461 1743 512 1810 bis
527 1744 634 1811 verbis
647 1744 829 1832 Apuleius:

248 1850 363 1931 «Quid
377 1871 437 1938 ego
452 1850 491 1918 de
504 1850 620 1918 ceteris
634 1851 709 1918 aio‘l
722 1871 827 1938 quum
839 1850 924 1920 mihi
939 1871 1067 1941 semper
1082 1855 1180 1924 unica
1193 1879 1274 1927 eura
1366 1943 1373 1948 ,

89 1988 92 2008 1
196 1960 296 2028 fuerit
310 1972 408 2047 caput
425 1957 647 2046 capillumque
668 1957 780 2024 sedula
796 1967 828 2024 et
844 1956 975 2046 publice
993 1959 1085 2048 prius
1104 1962 1227 2030 intueri
1240 1978 1273 2034 et

197 2067 287 2134 domi
300 2076 412 2155 postea
425 2065 550 2154 perfrui
557 2086 567 2147 ;
582 2066 690 2153 sitque
708 2064 829 2152 judicii
846 2064 948 2152 hujus
961 2067 1050 2154 apud
1067 2088 1119 2136 me
1139 2082 1227 2142 certa
1241 2084 1273 2140 et

195 2184 318 2240 statuta
332 2173 427 2251 ratic,
442 2171 493 2238 vel
505 2172 593 2261 quod
608 2171 770 2260 praecipua
784 2191 858 2259 pars
870 2171 932 2238 ista
944 2175 1100 2261 corporis,
1114 2176 1149 2242 in
1160 2191 1271 2265 aperto

195 2291 226 2346 et
248 2279 428 2368 perspicuo·
446 2280 563 2366 posita,
586 2277 693 2366 prima
716 2277 835 2344 uostris
853 2277 1037 2346 luminibus
1060 2283 1201 2349 occurrit
1208 2305 1218 2366 3
1240 2297 1272 2350 et

195 2387 285 2476 quod
298 2387 333 2453 iu
349 2386 463 2454 ceteris
479 2384 635 2452 membris
649 2383 772 2451 florida
788 2385 885 2451 vestis
904 2385 1018 2452 hilaris
1039 2385 1139 2472 color,
1161 2387 1222 2456 boc
1235 2391 1269 2456 in

196 2496 300 2582 eapite
314 2495 402 2564 nitor
412 2493 545 2562 nativus
556 2503 752 2580 operatur...
765 2492 800 2558 Si
814 2490 912 2580 (quod
927 2490 1017 2562 nefas
1031 2492 1149 2577 unere,
1166 2517 1271 2584 neque

195 2603 235 2668 sit
253 2601 360 2668 ullum
382 2601 485 2687 hujus
503 2599 550 2666 rei
575 2612 640 2666 tam
665 2599 777 2668 dirum
799 2600 998 2688 exemplum)
1014 2601 1192 2688 cujuslibet
1206 2605 1271 2670 exi-

194 2709 267 2775 miae
293 2706 587 2797 pulcherrimaeque
617 2705 747 2772 feminee
768 2717 867 2794 eaput
888 2705 1006 2794 capillo
1025 2708 1266 2796 exspoliaveris,

193 2829 223 2885 et
232 2818 347 2886 faciem
360 2816 471 2884 nativa
481 2815 585 2904 speeie
594 2813 784 2899 nudaveris,
795 2814 936 2883 liootilla
946 2815 1025 2882 eoelo
1037 2816 1172 2904 dejecta,
1184 2821 1269 2884 mari

193 2924 292 3001 edita,
316 2921 474 2990 ductibus
494 2921 650 3003 educata,
674 2920 761 3004 lieet,
780 2922 930 3009 iuquam,
947 2922 1059 2988 Venus
1073 2922 1143 3010 ipsa
1155 2919 1267 3009 fuerit,

193 3033 269 3100 licet
284 3027 375 3098 omni
390 3030 577 3097 Gratiarum
592 3029 690 3096 choro
703 3029 835 3118 stipata,
858 3040 889 3096 et
907 3039 973 3095 toto
987 3029 1188 3118 Cupidinum
1207 3054 1267 3122 po-

193 3138 273 3226 pulo
286 3138 452 3214 comitata,
468 3147 500 3203 et
514 3135 645 3202 baltheo
665 3155 724 3202 suo
747 3136 873 3219 cincta,
896 3135 1047 3202 cinnama
1068 3135 1225 3222 fragrans
1235 3151 1268 3206 et
1294 3187 1299 3194 -

192 3227 341 3311 balsama
355 3261 481 3326 rorans,
498 3242 588 3308 calva
609 3243 812 3330 processerit,
833 3241 959 3330 plaeere
973 3262 1040 3308 uon
1059 3244 1176 3330 poterit
1187 3246 1269 3312 Vul-

191 3373 272 3420 cano
287 3373 357 3420 suo.
374 3377 389 3413 >t
1203 3357 1204 3360 ’

241 3485 258 3521 «
271 3459 377 3540 Quid?
395 3479 500 3547 quum
520 3458 646 3546 capillis
664 3457 753 3524 color
771 3467 900 3543 gratus
921 3467 952 3524 et
972 3457 1058 3524 nitor
1075 3457 1266 3545 splendidus

190 3568 315 3652 illucet,
332 3576 362 3632 et
378 3575 491 3633 eontra
505 3565 581 3633 solis
597 3565 698 3632 aciem
718 3575 852 3650 vegetus
866 3563 1029 3651 fulgurat,
1048 3570 1098 3635 vel
1118 3568 1265 3658 placidus
1283 3576 1289 3584 '

192 3675 338 3758 renidet,
365 3695 401 3740 ae
422 3675 457 3741 in
481 3674 676 3740 contrariam
700 3672 840 3758 gratiam
866 3672 968 3740 variat
992 3675 1204 3768 adspectum?
1227 3678 1265 3742 Et

192 3798 280 3844 nuno
296 3788 332 3845 ut
348 3797 467 3844 aurum
486 3797 658 3843 coruscans
674 3776 709 3841 in
723 3775 828 3843 levem
847 3773 953 3842 mellis
977 3778 1172 3868 deprimitur
1193 3801 1266 3847 um-

190 3882 297 3969 bram,
321 3904 409 3951 nuno
434 3883 566 3950 corvina
590 3881 761 3970 nigredine
783 3880 921 3948 omrulos
944 3883 1172 3954 columbarum
1191 3885 1265 3952 colli

190 3991 341 4058 flosculos
356 3991 545 4084 amuletum
563 3991 613 4057 vel
627 4011 731 4079 quum
754 3990 859 4075 guttis
879 3989 1016 4058 arabicis
1039 3993 1215 4072 obunctus
1233 4005 1263 4059 ct

192 4097 326 4186 pectinis
347 4097 458 4184 arguti
480 4097 575 4165 deute
602 4098 691 4164 tenui
711 4096 967 4178 discriminatus,
988 4111 1018 4166 et
1034 4121 1117 4189 pone
1133 4123 1262 4187 versum
