2942 4722
641 262 755 348 ..29
776 302 822 316 ..

198 393 337 462 ratione.
359 390 423 460 Sed
444 410 550 480 quum
568 389 690 480 aliquis
710 398 743 457 et
760 390 894 479 Apuleii
910 391 1067 461 fabellam
1082 409 1114 462 et
1127 397 1281 466 Fontanii

196 500 373 590 separatim
395 499 489 587 legit,
508 497 749 588 quomodcnon
764 498 828 566 sihi
842 499 929 568 dicat
947 523 956 567 ι
973 502 1080 570 Ambo
1095 505 1281 594 antiquitus

197 609 354 678 traditam
367 607 539 676 materiem
553 607 846 676 concinnaverunt.
863 610 941 676 Uter
954 611 1098 679 meliust

241 718 277 784 ln
293 715 355 784 hcc
370 714 487 782 deinde
503 715 686 804 peccavisse
699 713 830 783 videtur
848 714 886 804 (u
905 716 1052 784 modesto
1059 719 1155 786 ¹enim
1170 727 1202 787 et
1216 721 1281 786 rir-

196 833 386 912 cumspecto
412 821 540 910 judicio
567 821 729 889 detentis
754 822 835 890 viris
858 824 1144 912 pronuntiandum
1167 836 1214 894 est
1237 828 1282 917 a)

197 931 287 1020 quod
311 929 487 1019 populares
507 949 606 996 auras
620 939 659 997 ut
672 929 718 995 ita
738 928 858 1015 dicam,
879 930 914 998 in
930 930 1166 1000 conscribendo
1184 953 1282 1022 opera

197 1038 341 1106 nimium
370 1036 481 1104 forsan
506 1035 648 1124 captarit
670 1047 701 1102 et
723 1035 841 1104 studiis
864 1035 1039 1106 hominum
1061 1039 1203 1106 nimium
1228 1040 1281 1106 in-

197 1144 313 1214 dulsit.
345 1145 415 1232 lpse
443 1142 532 1231 quod
552 1142 750 1209 amatorium
773 1153 832 1224 est,
854 1151 886 1210 rt
906 1150 1057 1232 ἐρωτικὸν,
1085 1144 1284 1232 diligentius

198 1251 385 1340 quaesivisse
405 1270 452 1326 se,
468 1247 545 1316 euni
560 1248 682 1317 damno
694 1248 831 1318 forsitan
851 1251 959 1340 operis
973 1250 1038 1335 sui,
1059 1251 1193 1341 aperit¹.
1216 1254 1281 1318 Ha-

197 1359 317 1428 bemus
335 1357 544 1424 confitentem
565 1375 672 1439 reum,
694 1369 726 1422 et
745 1356 890 1445 seipsum
910 1356 1055 1424 severius
1074 1377 1174 1446 quam
1189 1337 1281 1446 qur?-

197 1487 298 1555 quam
320 1485 421 1532 ausus
447 1473 543 1549 esset,
569 1463 796 1549 castigantem.
820 1463 967 1532 Nimium
990 1465 1142 1532 Fontanii
1166 1485 1281 1532 narra·

198 1573 282 1641 tioni
301 1572 385 1640 inest
402 1571 569 1638 amatorie
589 1569 804 1637 venustatis².
823 1569 921 1658 (Male
942 1571 990 1652 sit,
1004 1571 1102 1638 latini
1120 1573 1282 1640 sermonis

196 1680 350 1768 egestati!
374 1701 441 1746 rem
464 1679 553 1746 enim
573 1677 704 1767 antiqui
725 1680 866 1763 norunt,
888 1679 950 1746 etsi
970 1679 1136 1768 peculiare
1159 1701 1282 1747 nomen

197 1808 263 1856 non
275 1786 480 1875 indiderint).
490 1787 682 1853 Allectatam
695 1785 875 1873 quamdam
888 1783 1057 1852 interdum
1071 1784 1234 1855 habemus
1249 1798 1281 1853 et

198 1894 352 1962 callidam
365 1903 397 1960 et
408 1893 506 1960 nimis
526 1893 655 1962 doctam
676 1890 920 1980 simplicitatem
929 1913 940 1974 ;
955 1901 1062 1960 totum
1081 1913 1164 1982 opus
1179 1893 1280 1962 latius

197 2001 363 2090 altiusque
384 2000 577 2090 impressam
598 2009 822 2089 «presentem
836 2007 961 2084 notam,
977 2024 994 2061 n
1014 2008 1051 2066 ut
1065 2001 1110 2066 ait
1130 2001 1281 2088 Flaccus,

196 2108 342 2200 praefert3
358 2108 494 2175 mutatis
515 2106 647 2192 studiis,
668 2105 834 2195 quomodo
846 2103 915 2172 haec
933 2105 1044 2173 omnia
1058 2126 1125 2174 non
1140 2107 1281 2194 langue·

197 2224 271 2284 rent
289 2216 535 2303 frigerentque?

241 2323 386 2411 Denique
401 2331 432 2388 et
448 2322 482 2388 in
502 2321 640 2410 poesim,
663 2331 694 2388 et
713 2320 746 2388 in
771 2341 817 2407 se,
834 2333 865 2388 et
884 2322 919 2388 in
939 2322 1080 2410 aequales
1099 2342 1176 2390 suos
1195 2332 1226 2392 et
1245 2324 1280 2390 in

200 2429 425 2521 posteritatem
447 2449 579 2497 omnem
596 2428 742 2518 peccarit
755 2426 1040 2516 Fontaniusquod
1057 2427 1212 2495 fabellam
1228 2450 1281 2496 so·

200 2538 273 2608 luta
287 2536 434 2604 oratione
450 2535 661 2623 conscripsit;
673 2544 772 2622 atque
786 2533 848 2602 hoc
858 2532 1021 2600 affirmare
1034 2553 1100 2600 non
1112 2532 1281 2602 dubitabi-

199 2665 288 2730 mus,
312 2663 533 2733 quemnemo
558 2661 679 2730 negare
696 2641 782 2708 ausit
801 2640 933 2730 culpam
952 2663 1024 2708 earn
1045 2662 1113 2708 esse
1134 2662 1207 2729 quae
1222 2661 1282 2710 nos

199 2751 352 2822 Fontanii
365 2749 515 2818 versibus
532 2748 745 2817 fraudaverit.
757 2748 929 2817 Confessus
939 2759 986 2816 est
996 2769 1030 2816 se
1039 2768 1237 2836 magnopere
1245 2749 1282 2816 in'

197 2857 397 2949 perficienda
419 2877 516 2947 prosa
541 2876 603 2924 sua
635 2853 826 2924 sudavisse³
852 2855 1063 2923 :rectissime
1088 2875 1186 2935 sane;
1215 2865 1285 2943 quo

235 3131 245 3165 ¹
266 3132 324 3183 lton
337 3129 468 3196 principat
484 3129 533 3179 but
546 3135 587 3180 est
599 3127 723 3192 toujours
734 3125 767 3178 de
782 3125 875 3192 plalre.
890 3125 961 3176 Pour
974 3139 1007 3177 en
1021 3124 1097 3177 venir
1110 3125 1147 3191 u,
1156 3124 1184 3188 je
1194 3125 1283 3176 eonsi-

106 3215 110 3224 ’
199 3218 266 3271 dere
276 3218 301 3268 le
310 3215 377 3282 gorlt
387 3215 423 3266 du
437 3213 528 3267 siecle.
541 3214 586 3278 Or,
599 3213 674 3278 apres
684 3212 818 3278 plusieurs
828 3210 1010 3276 experientes,
1022 3211 1041 3260 il
1053 3205 1105 3260 m'a
1115 3209 1218 3262 semble
1231 3222 1283 3272 que

199 3317 230 3356 ce
242 3301 308 3367 gom
321 3315 349 3353 se
363 3306 440 3365 porte
454 3313 491 3350 cu
503 3297 664 3361 calameta
677 3297 702 3348 la
715 3295 889 3361 plaisanterie
893 3331 948 3348 .....
962 3295 982 3345 ll
998 3308 1012 3345 a
1027 3294 1093 3345 lallu
1104 3293 1232 3344 chercher
1246 3293 1282 3345 du

200 3389 292 3454 gelant
302 3392 330 3439 et
342 3386 375 3436 de
390 3386 415 3436 la
429 3383 611 3450 plaisanterle.
628 3381 722 3446 Quand
740 3381 759 3430 ll
772 3393 805 3430 ne
817 3380 926 3431 l’anratt
941 3392 988 3444 pas
1001 3378 1078 3441 fallu,
1089 3391 1152 3430 mon
1166 3378 1284 3428 inclina-

198 3475 255 3526 tlon
267 3475 318 3537 ιη’]
329 3471 439 3536 portate,
452 3473 477 3520 et
483 3467 623 3534 peut-atre
635 3467 751 3530 esuis-je
762 3465 847 3515 tumbe
853 3477 884 3516 en
895 3465 1030 3530 beaucoup
1036 3464 1181 3515 d'endrotts
1192 3467 1286 3514 contre

198 3559 229 3612 lu
240 3561 329 3608 rotson
343 3559 369 3606 et
379 3556 408 3606 lo
418 3554 567 3605 licostenes
579 3547 698 3621 (Psyche,
712 3546 841 3615 Prelace).

234 3643 245 3678 ¹
265 3645 301 3696 Ge
315 3656 367 3708 que
380 3643 415 3692 La
426 3638 670 3703 Fontaineappelle
685 3637 713 3687 te
728 3637 834 3699 potant.

236 3728 248 3764 ⁸
266 3729 316 3781 t’ai
328 3727 468 3780 tromeda
480 3727 540 3789 plus
554 3723 668 3788 grandes
678 3719 954 3772 difficultesdansoet
967 3729 1083 3781 ouvrage
1099 3717 1179 3781 qu'en
1195 3729 1286 3770 aucun

198 3820 278 3870 autre
287 3813 334 3878 qni
348 3813 401 3865 soit
411 3811 478 3865 sorti
488 3812 521 3862 de
531 3823 574 3861 ma
584 3810 674 3874 plume
676 3843 731 3859 .....
744 3806 926 3859 lt’amenerde
936 3806 960 3856 la
972 3803 1073 3869 prosse
1083 3803 1200 3866 quelque
1208 3803 1284 3866 point

198 3898 403 3966 aspernatior,
417 3898 436 3948 il
447 3911 481 3948 ne
490 3896 591 3948 semble
600 3907 647 3959 pas
659 3907 712 3960 que
724 3907 756 3946 ce
766 3894 819 3944 scit
829 3905 883 3944 une
895 3891 976 3942 chose
991 3888 1044 3940 lcrt
1055 3888 1199 3950 malatse'e;
1218 3891 1284 3941 c'est

200 3988 225 4039 la
238 3986 338 4050 langue
347 3983 480 4036 naturalle
489 3982 522 4033 de
537 3988 599 4034 tous
609 3980 648 4031 les
661 3980 790 4031 hommes.
805 3980 875 4030 Ares
888 3977 954 4043 cela,
967 3976 995 4040 je
1004 3973 1126 4027 eonlssse
1135 3973 1233 4039 qu'elle
1243 3988 1285 4031 me

198 4072 280 4126 cotrte
297 4076 392 4124 autent
408 4082 462 4134 qus
473 4068 512 4120 les
528 4079 603 4129 rers;
614 4078 677 4130 que,
694 4064 716 4116 si
731 4064 828 4128 jamnis
841 4063 892 4114 elle
909 4058 1226 4125 neocaesaream
1241 4065 1284 4120 eet

199 4169 317 4221 ouvrage
331 4150 407 4224 (Id.);
