2942 4722
218 365 282 434 que
306 342 437 412 vinculo
461 348 508 408 tot
523 350 633 429 :partes
655 343 743 409 inter
763 363 796 409 se
821 339 1057 429 discrepantes,
1079 342 1292 430 tutandique

218 452 336 520 collata
357 449 517 534 membra,
534 449 682 534 revincit,
703 449 953 537 quoniamque
974 449 1108 538 incepit,
1132 471 1198 519 non
1222 454 1293 542 ipsa

218 559 363 648 perficit3
389 566 420 624 ot
442 556 595 626 amissam
619 555 755 643 magicis
779 555 908 622 artibus
931 555 1114 624 numanam
1136 547 1290 646 speciem,

124 645 130 658 ”
218 683 285 732 non
298 663 413 731 iisdem
426 661 565 748 artibus,
577 661 633 729 sed
644 661 762 730 divina
771 661 982 750 providentiae
996 662 1155 730 miraculo
1170 665 1292 730 Lucius

218 779 400 858 recuperat.
411 768 551 837 Omnino
563 765 718 835 excidisse
735 779 841 835 mente
851 767 984 857 Apuleii
997 767 1151 836 videntur
1163 770 1292 858 sapien·

159 921 161 924 -
217 875 471 943 tissimaillaad
487 874 645 976 Pisones:

358 1049 411 1112 oui
426 1049 529 1098 variare
542 1049 616 1111 cupit
632 1062 686 1100 rem
701 1048 885 1112 prodigialiter
899 1012 980 1098 unam

360 1136 517 1201 Delphinum
531 1137 613 1200 sylvis
625 1137 756 1202 adpingit,
770 1137 899 1188 fluctibus
913 1150 1016 1202 aprum.

360 1317 479 1382 lienique
488 1317 524 1367 sit
536 1317 648 1380 quodvis
661 1317 771 1381 simplex
781 1317 911 1367 duntaxat
924 1323 951 1366 at
967 1330 1061 1367 uuum:

262 1467 318 1531 Est
343 1473 451 1531 tamen
476 1463 602 1552 aliquid
627 1463 791 1531 nnumin
815 1472 882 1530 toto
906 1461 983 1529 libri
1009 1472 1138 1548 tenore,
1164 1463 1292 1530 dicendi

217 1570 338 1638 scilicet
361 1589 480 1657 genus,
502 1569 561 1638 scd
583 1590 621 1636 eo
642 1589 761 1654 unum,
783 1569 872 1658 qnod
894 1588 1066 1657 nunquam
1088 1569 1242 1658 simplex,
1259 1581 1292 1636 at

219 1677 340 1766 ubique
364 1677 625 1761 ornatissimum,
647 1675 912 1758 curiensium,
932 1704 948 1738 a
969 1675 1121 1742 cinnama
1143 1675 1292 1761 fragrans

217 1793 249 1850 et
267 1782 415 1850 balsama
429 1802 544 1850 rorans
555 1791 577 1863 ¹,
594 1808 610 1843 n
629 1781 686 1850 sed
706 1802 745 1848 ea
764 1783 916 1849 cinnama
937 1781 1148 1869 balsamaque
1162 1803 1235 1870 quea
1253 1803 1292 1848 cx

218 1889 357 1957 rhetoris
374 1891 503 1957 officina
517 1889 772 1978 depromuntur,
790 1909 828 1954 eo
846 1887 988 1976 denique
1002 1887 1164 1974 elegantia
1185 1889 1292 1974 turgi-

217 1994 311 2076 dum,
322 2017 395 2085 qnae
406 2006 437 2064 et
448 2016 646 2084 unoquoque
656 1994 755 2063 verbo
770 1993 932 2063 rhetorem
945 1995 1068 2082 arguit,
1083 2004 1113 2061 ct
1125 1994 1291 2062 interdum

215 2101 396 2171 barbarum
418 2102 559 2172 subolet.
585 2106 652 2170 Hoc
674 2122 781 2171 unum
800 2111 848 2170 est
868 2102 957 2190 quod
977 2103 1012 2169 in
1031 2102 1162 2190 Apuleii
1179 2100 1292 2168 fabula

216 2231 317 2273 aarum
330 2229 404 2278 vere
418 2230 485 2277 esse
499 2209 649 2276 dixerim.
714 2283 716 2288 .

581 2643 625 2694 lll.
648 2671 680 2678 —
699 2644 742 2694 DE
761 2642 927 2695 rnusontS.

257 2891 326 2956 iloc
342 2887 458 2956 deinde
476 2886 578 2956 lector
595 2886 836 2954 animadvertat
857 2908 985 2955 necesse
1002 2898 1061 2971 est,
1077 2889 1292 2977 quemadmo-

210 2995 296 3063 dum
311 2994 450 3080 unitate,
470 2993 517 3060 ita
528 2993 675 3082 personis
687 2993 837 3061 fabulam
852 3011 973 3061 carere.
1000 2996 1157 3062 Personas
1180 3006 1290 3062 autern

211 3103 301 3190 dico,
316 3102 356 3171 de
371 3101 493 3192 quibus
510 3101 689 3169 Horatius:

389 3269 500 3325 Difficile
514 3281 555 3327 ast
568 3273 675 3340 propria
686 3275 838 3326 communia
852 3275 949 3338 dicere,

191 3426 346 3526 'noceat
365 3443 519 3514 personas
546 3425 669 3512 fingere
692 3447 766 3515 qnae
789 3428 890 3495 vitam
912 3447 1024 3513 suam,
1046 3439 1077 3494 et
1103 3449 1233 3514 veram,
1267 3451 1287 3496 a

95 3567 101 3580 ·
211 3525 462 3621 plietadatom,
478 3531 601 3600 uiuam.
624 3533 696 3598 Non
720 3554 875 3622 personas
896 3533 1051 3602 formavit
1071 3535 1130 3623 qui
1156 3536 1291 3603 nomina

204 3638 363 3726 protulit·
376 3648 409 3705 et
424 3637 466 3706 ad
479 3637 704 3724 nomina-haec,
716 3650 788 3706 acta
799 3640 961 3729 quaedam,
972 3641 1290 3729 veroplusminusvc

250 3830 258 3863 ¹
279 3831 299 3891 l,
312 3832 372 3881 108.
383 3855 419 3866 -
428 3831 501 3881 nota
516 3812 609 3880 omnes
623 3828 656 3879 ad
668 3829 920 3881 excellentissimam
932 3830 1113 3896 Oudendorpii
1128 3840 1156 3884 et
1169 3833 1290 3883 Bossclrae

210 3913 356 3964 editionem
372 3920 502 3978 spectant.
517 3914 533 3963 3
547 3913 598 3962 vol.
613 3912 694 3980 in·l⁰,
707 3913 791 3977 Lugd.
807 3916 977 3975 Batavorum,
991 3905 1159 3968 troo-1825.

247 4000 378 4049 Numerus
393 3997 465 4061 prior
479 3997 601 4049 volumen
617 3997 735 4059 indicat;
748 3998 880 4062 posterior
892 3999 1026 4062 paginam.
1043 3981 1118 4062 Quod
1129 4000 1161 4050 ad
1176 4001 1283 4050 Florida

211 4083 320 4143 attinet,
330 4082 477 4144 capitulum
490 4080 567 4132 modo
577 4081 767 4133 indicavimus.
