2942 4722
633 223 679 256 -.·
701 185 746 252 ‘le
768 225 814 235 -

86 401 92 410 Ι
140 357 145 366 -
182 316 292 406 guile,
317 325 349 383 ct
376 313 499 382 effultis
526 312 562 380 in
590 310 762 397 cubitum,
790 311 1046 403 suberectusque
1075 315 1109 382 in
1136 324 1264 404 torum,

181 423 362 516 porrexerit
381 421 548 489 dexteram
561 426 611 487 'et‘
625 420 666 488 ad
691 420 797 488 instar
820 429 991 489 oratorum
1012 422 1267 490 conformaverit

182 531 384 614 articulum;
414 527 610 616 duobusque
638 527 762 594 infimis
793 529 956 596 conclusis
979 529 1107 616 digitis,
1142 540 1266 598 ceteros

182 640 364 708 eminentes
389 637 580 725 porrigens,
609 645 640 700 et
662 634 780 701 infesto
806 635 923 724 pollice
952 637 1129 704 clementer
1154 636 1266 704 subri-

182 746 281 830 dens,
298 743 456 832 inceperit
477 746 506 809 ’Ἰ
526 767 542 803 a
563 743 663 809 Posoo
678 742 817 808 iterum:
843 742 927 822 Quid
951 743 1104 811 adrem?
1124 746 1148 812 0
1170 743 1266 838 inde7
1382 757 1385 762 “

181 852 257 920 lessi
277 851 505 939 descriptores,
529 849 662 917 defessis
683 847 862 917 lectoribus
880 850 996 942 vestris
1016 850 1266 940 aliquantulum

182 960 330 1051 parcitel
361 1003 364 1008 -

627 1201 811 1218 m

474 1415 517 1467 tx.
537 1441 572 1454 ·-·
592 1416 635 1468 BE
654 1415 800 1468 PSYGHRS
819 1413 959 1466 ruenti.

185 1693 518 1781 totiusantiquitntis,
530 1693 832 1780 Metamorphoseon
844 1703 1001 1780 tanquam
1011 1690 1071 1758 flos
1081 1702 1141 1776 est,
1152 1713 1264 1781 quem,

188 1803 231 1872 ad
249 1805 470 1872 recentiorum
489 1803 707 1892 voluptatem,
728 1823 892 1869 novorum
909 1802 1058 1869 colorum
1077 1801 1153 1870 fuco
1169 1823 1267 1870 xeror-

185 1931 280 1997 nare,
294 1911 399 2000 ipsius
414 1911 545 1999 Apuleii
559 1910 709 1998 exemplo
724 1909 814 1988 freti,
830 1909 1012 1976 Fontanius
1031 1907 1268 1998 Corneliusque

187 2019 385 2088 etMolerius
393 2040 459 2086 non
471 2017 641 2104 dedignati
651 2027 741 2084 sunt.
753 2018 799 2082 Eo
810 2015 916 2104 pluris
927 2035 1006 2102 ergo
1018 2015 1269 2083 nobissacienda

185 2125 338 2214 estquod
353 2147 372 2192 a
396 2124 516 2192 talibus
534 2122 614 2192 viris
625 2123 659 2190 in
679 2123 810 2190 Gallicis
823 2122 941 2188 litteris
962 2134 1120 2210 tanquam
1139 2122 1269 2192 civitate

188 2231 309 2301 donata
323 2242 384 2299 est.

233 2341 344 2408 Prima
362 2337 490 2406 fabellae
504 2337 606 2426 hujus
620 2336 710 2426 apud
723 2335 905 2426 Apuleium
919 2336 992 2402 laus
1007 2346 1055 2403 est
1069 2337 1158 2425 quod
1171 2339 1271 2406 lecto-

189 2467 258 2516 rem
269 2458 342 2536 post
352 2455 399 2513 tot
408 2446 493 2514 foeda
504 2456 537 2511 et
551 2445 661 2534 turpia
675 2455 836 2532 tanquam
846 2443 1007 2533 respirare
1018 2445 1114 2528 sinit;
1130 2445 1213 2516 nihil
1222 2443 1271 2514 ibi

187 2553 392 2622 horrendum
409 2565 466 2620 ant
488 2551 693 2633 absurdum;
708 2549 833 2618 absunt
854 2562 885 2618 et
910 2551 998 2637 magi
1017 2562 1049 2618 et
1068 2571 1271 2639 megenum

91 2715 92 2718 ,
182 2659 259 2728 'suis
280 2659 425 2748 ineptiis.
450 2659 527 2738 Quae
547 2657 699 2746 prodigia
716 2657 882 2743 ridemus
903 2656 1017 2724 divina
1038 2669 1129 2741 sunt,
1154 2669 1187 2726 et
1206 2659 1271 2728 uiis

190 2767 335 2858 profacto
349 2766 425 2832 licet
440 2762 606 2830 mirabilia
617 2765 757 2852 operari,
773 2763 1036 2853 tumpraesertim
1051 2785 1157 2852 quum
1172 2766 1273 2834 mira·

191 2875 275 2943 culis
295 2873 363 2940 illis
382 2884 414 2939 et
433 2883 588 2939 venustas
606 2871 691 2938 inest
712 2882 744 2938 et
761 2871 862 2960 lepos.
884 2872 995 2959 Neque
1018 2873 1179 2940 miracula
1199 2884 1273 2940 tan·

193 2992 266 3050 tum
280 2981 316 3046 in
328 2977 451 3046 fabella
461 2977 536 3056 hac,
551 2977 608 3046 sed
622 2979 734 3044 omnia
746 2987 924 3046 venustaet
938 2978 1047 3066 lepida
1056 2989 1148 3046 sunit.
1158 2979 1273 3060 Qualis

192 3086 366 3180 sitPsyclie
381 3085 527 3153 diximus
533 3107 544 3170 3
562 3104 689 3152 amores
704 3084 777 3172 ejus
789 3084 975 3172 etjucunde
987 3085 1130 3152 simulet
1143 3085 1274 3154 fortiter

192 3193 336 3282 expressi
345 3215 355 3275 3
370 3193 440 3259 veri
453 3191 589 3258 affectus
607 3189 724 3285 decor—a
746 3191 880 3258 tandem
895 3192 1023 3279 pictura
1038 3191 1183 3278 gaudere
1198 3212 1274 3280 pos-

189 3319 310 3368 sumus
326 3322 335 3366 ε
352 3319 418 3368 non
433 3299 522 3387 quod
540 3325 555 3360 «
572 3318 591 3364 a
611 3318 704 3366 socco
719 3295 760 3366 ad
775 3296 977 3366 cothurnum
997 3323 1012 3358 a
1030 3297 1271 3368 ascendemus:

194 3405 444 3474 narratiuncula
457 3405 525 3472 haec
547 3416 672 3484 contra,
695 3405 758 3472 etsi
770 3404 824 3472 hic
839 3415 871 3472 et
883 3405 952 3472 illic
975 3417 1132 3493 tanquam
1145 3415 1275 3472 conter-

193 3515 285 3584 mina
306 3515 473 3604 tragedia
496 3536 565 3584 esse
586 3515 760 3605 videatur,
790 3535 972 3603 numquam
998 3527 1108 3584 tamen
1131 3517 1275 3602 tragicos

191 3621 273 3690 fines
288 3622 476 3710 ingreditur
489 3633 521 3688 et
536 3643 569 3688 se
584 3622 673 3690 intra
692 3621 857 3693 comeda
873 3624 1047 3708 terminos,
1065 3623 1275 3711 aliquantum

192 3729 291 3798 modo
312 3731 420 3798 satirae
445 3729 638 3814 admittens,
660 3728 900 3818 sapientissime
919 3731 1077 3798 continet.
1099 3728 1276 3798 Nonnulla)

190 3856 328 3928 prorsus
342 3836 480 3904 rhetoris
494 3857 631 3906 manum
646 3835 792 3926 produnt
808 3836 946 3904 macula
962 3857 970 3901 ε

231 4081 239 4114 ¹
260 4082 335 4133 Torn.
346 4077 367 4143 l,
382 4093 408 4144 p.
425 4080 483 4131 ltl.
