2942 4722
630 247 675 260 ..
699 209 809 276 12-

92 329 100 344 ’
184 333 338 401 manibus
360 343 498 400 mortem
520 331 583 399 sibi
603 332 762 400 fabricare
783 303 934 422 poterit¹.
958 357 972 392 n
991 333 1060 400 Non
1080 333 1259 420 pulchrum

184 449 407 508 commentum
428 443 496 506 est‘l
520 441 591 506 Non
614 439 720 528 lepide
745 440 966 528 explicatum?
990 441 1094 518 Quam
1121 439 1261 507 libenter

184 555 299 612 auctor
313 546 348 610 in
364 565 402 612 eo
419 545 616 612 immoratur
631 555 663 612 et
681 565 714 612 se
738 545 922 614 admiratur
937 553 968 612 et
991 543 1056 612 sibi
1069 543 1191 634 placet!
1209 546 1261 612 Sic

184 652 389 734 τραγωδεπειδσ
403 647 580 735 Apuleius,

229 754 350 846 Verum
377 764 425 820 εει
451 753 550 820 etiam
573 754 668 842 pejus
693 751 832 842 aliquid.
864 754 936 820 lam
960 762 1073 822 contra
1096 753 1262 842 judicium

124 919 127 924 .
185 870 219 926 ει
231 881 441 928 communem
456 881 589 928 sensum
604 860 796 946 gravissime
808 861 987 949 peccatqui
1001 860 1178 929 lectoribus
1194 862 1263 928 suis

186 977 218 1034 ει
230 967 400 1035 'horrorem
415 981 447 1034 et
461 985 630 1052 nauseam,
646 967 698 1034 his
719 967 859 1046 artihuS,
879 967 996 1056 injicit.
1020 967 1105 1046 Quid
1128 967 1155 1034 si
1176 969 1264 1055 quod

189 1084 283 1163 turpe
297 1084 345 1140 est
359 1073 512 1160 ridiculo,
526 1073 615 1162 qnod
630 1073 767 1140 scurrile
785 1073 948 1142 horrendo
964 1073 1158 1141 miscuerit?
1179 1075 1266 1140 [lices

186 1181 296 1248 forsan
316 1180 460 1267 magiam
486 1190 517 1247 et
543 1179 713 1248 scurrilem
742 1201 808 1247 una
834 1191 866 1247 ει
891 1179 1088 1248 horrendam
1112 1199 1192 1247 esse.
1218 1181 1266 1248 Sit

188 1287 299 1373 magia
312 1285 400 1375 quod
418 1285 553 1354 libuerit
569 1309 578 1353 :
594 1287 758 1374 ejusmodi
772 1287 1031 1374 permistionem,
1048 1288 1114 1354 sive
1135 1287 1169 1355 in
1192 1309 1267 1354 ver-

188 1392 292 1470 sibus,
309 1393 376 1460 sive
397 1392 432 1459 in
454 1389 563 1481 prosa,
584 1405 656 1460 uta
678 1413 776 1461 sensu
799 1394 968 1462 communi
985 1403 1017 1459 et
1028 1392 1155 1481 judicio
1176 1387 1281 1482 aequ'e'

189 1501 343 1584 alienam,
365 1499 550 1566 aversabor.
568 1501 676 1587 Hujus
695 1511 807 1566 autem
825 1499 879 1588 (ut
893 1499 1044 1566 omittam
1064 1499 1184 1588 cetera)
1201 1500 1268 1566 duo

132 1651 135 1657 «
190 1605 365 1692 conspicua
388 1607 568 1694 specimina
588 1607 742 1685 offerunt,
764 1625 846 1694 quas
869 1606 1114 1673 Aristomenes²
1132 1617 1163 1673 et
1177 1606 1270 1673 Tele·

192 1710 318 1798 phron³
344 1723 498 1796 narrant,
522 1712 665 1796 fabellae;
693 1713 729 1778 in
754 1711 876 1799 quibus
900 1711 950 1778 sic'
974 1712 1163 1779 intermixta
1192 1724 1270 1778 sunt

192 1817 353 1884 horrendo
373 1817 553 1900 ridiculum
576 1829 607 1885 et
628 1829 723 1907 turpe
744 1819 878 1885 scurrili
898 1829 935 1885 ut
957 1819 1068 1885 credas
1091 1819 1271 1907 Apuleium

192 1923 374 1990 secundum
395 1945 495 1992 novas
519 1925 594 1992 illas
618 1925 707 2012 leges
732 1926 886 2014 poeticas,
911 1925 1043 2013 quaein
1068 1925 1272 1992 nobilissima

193 2030 381 2098 Praefatione
396 2031 437 2098 ad
452 2032 682 2100 Cromwellum
692 2033 912 2122 promulgataa
927 2041 1018 2113 sunt,
1033 2031 1156 2099 librum
1172 2049 1272 2098 suum

193 2136 396 2204 conscribere
412 2137 564 2206 voluisse.

636 2385 806 2394 --—-—

526 2585 568 2635 vr.
587 2609 623 2621 -
642 2585 717 2647 outo
736 2585 957 2636 auuroarcuu.
1013 2629 1018 2641 .

243 2777 342 2844 Plane
362 2797 604 2866 supervacuum
629 2779 736 2866 primo
755 2778 886 2846 videtur
910 2778 991 2867 quid
1015 2777 1056 2844 sit
1079 2756 1277 2844 rhetoricum

199 2886 234 2951 in
249 2884 388 2950 rhetoris
408 2905 503 2972 opere
523 2905 686 2972 quarere3
709 2885 828 2954 rectius
849 2871 1179 2972 videretur'quaerere
1198 2881 1278 2970 quid

200 3011 266 3056 non
280 2990 491 3058 rhetoricum.
507 2991 677 3057 Rhetorica
694 2993 782 3059 enim
797 2994 843 3060 ita
857 3013 925 3062 sese
940 2991 1000 3062 toti
1019 2989 1140 3057 fabula
1152 2988 1279 3054 immis-

201 3096 270 3168 cuit
295 3110 331 3162 nt
355 3095 482 3162 nnllam
506 3097 573 3162 fere
596 3107 723 3184 partem
750 3098 907 3164 intactam
933 3108 965 3164 et
987 3094 1280 3166 incontaminatam

201 3203 382 3290 reliquerit.
421 3205 492 3271 Non
525 3213 655 3270 tantum
688 3205 874 3283 orationes,
911 3204 968 3272 sed
1000 3201 1278 3280 narratiunculae,

202 3309 455 3398 descriptiones,
479 3309 624 3397 tragica,
656 3311 799 3397 comica,
829 3312 940 3378 omnia
970 3310 1111 3398 denique
1134 3327 1278 3396 prorsuS,

202 3416 454 3484 declamationes
469 3426 500 3483 et
513 3415 717 3485 auditorium
734 3417 895 3488 redolent.
912 3420 983 3485 Non
999 3435 1158 3506 persona,
1174 3434 1233 3502 pro
1248 3431 1281 3480 se

203 3544 353 3612 quaeque,
377 3522 560 3590 secundum
581 3524 801 3592 conditionem
820 3546 928 3611 suam,
946 3534 982 3592 ut
996 3525 1087 3591 decet
1102 3533 1133 3589 et
1149 3538 1281 3608 aequum

204 3643 265 3708 est,
279 3629 381 3698 verba
394 3630 537 3713 faciunt3
552 3630 609 3698 scd
624 3651 682 3719 per
696 3652 810 3700 omnes
831 3631 905 3698 illas
925 3651 1053 3720 semper
1069 3630 1156 3697 idem
1172 3627 1283 3694 rhetor
1327 3713 1331 3722 1

205 3737 377 3824 Apuleiae,
393 3738 483 3806 idem
502 3737 679 3806 verborum
698 3738 826 3824 artilex,
843 3737 1015 3806 declamat.
1032 3735 1170 3804 Etiamsi
1186 3731 1284 3823 (quod

206 3853 237 3910 ct
259 3843 419 3911 affirmare
444 3855 475 3910 et
500 3863 619 3930 negare
650 3865 741 3934 reque
765 3843 908 3914 arduum
932 3844 999 3935 est)
1025 3845 1060 3911 in
1085 3853 1151 3912 toto
1179 3839 1286 3929 operis

246 4089 253 4120 ¹
274 4090 348 4142 Tem.
366 4089 385 4152 l,
399 4104 423 4151 p.
441 4089 573 4142 111--115,
591 4117 624 4126 -
643 4091 652 4122 ²
674 4091 728 4151 tat,
745 4105 770 4152 p.
783 4090 816 4140 ⁶25
830 4098 857 4142 et
871 4105 930 4154 sqq.
951 4117 985 4128 -
1004 4087 1014 4122 ³
1035 4089 1090 4150 ld„
1105 4086 1237 4138 tta-tto.
